3334 4900
380 525 519 624 sill·
595 480 1304 691 LNT·1NE·⁰²²0⁵⁵³²···

383 813 432 852 lter
440 817 473 852 cst
482 813 575 863 longum
581 817 625 863 per
631 816 763 862 praecepta,
773 812 840 852 breve
847 816 869 852 et
877 813 962 862 efficax
971 818 1015 863 per
1023 814 1260 865 exempla-smca.

305 965 614 1006 t-rtrm·-Horr1errs
634 964 752 1005 meror
778 965 974 1014 [ramosam]

369 1064 437 1115 Nam
449 1064 566 1114 interdiu
577 1079 691 1129 quoque,
715 1079 879 1129 quemqnam
901 1064 1062 1115 abscesserat
1084 1066 1180 1131 imago,
1203 1071 1332 1120 memoria

304 1147 428 1211 imaginis
437 1147 522 1197 oculis
534 1148 676 1211 inerrabat;
696 1147 853 1212 longiorque
864 1148 954 1198 causis
965 1150 1046 1198 timor
1056 1155 1120 1201 erat

368 1267 463 1316 Nonne
474 1267 562 1328 imago
574 1279 653 1314 mane
670 1264 842 1314 abscedebat?
900 1250 902 1253 ¹
967 1325 970 1329 1

367 1349 439 1399 Num
450 1350 567 1399 interdiu
578 1348 734 1413 apparebat?
767 1348 863 1396 Nonne
875 1347 992 1397 interdiu
1004 1348 1094 1398 aberat
1110 1350 1202 1400 domol

370 1433 429 1492 Quo
440 1433 615 1482 abscesserat?
653 1431 745 1480 Sciens
758 1446 812 1494 quo
824 1430 1008 1480 abscessisset?

369 1515 464 1564 Nonne
475 1515 592 1564 formido
604 1513 815 1578 relinquebatur?

368 1597 463 1646 Nonne
474 1596 603 1646 memoria
616 1596 742 1659 imsginis
753 1594 976 1658 relinquebatur?

368 1680 463 1730 Nonne
474 1682 562 1729 torma
572 1679 698 1743 imaginis
709 1678 840 1728 memoria
850 1677 1003 1728 tenebaturl

368 1763 463 1811 Nonne
476 1762 597 1811 memoria
609 1757 735 1826 imaginis
748 1760 833 1810 oculis
844 1760 998 1809 inerrabatl

368 1845 463 1894 Nonne
474 1846 563 1908 imago
575 1843 657 1893 aculis
680 1843 815 1892 memoriae
828 1842 989 1892 videbatur?

368 1927 463 1976 Nonne
474 1930 557 1976 noctu
567 1926 659 1974 idolon
670 1927 699 1974 in
711 1927 791 1974 domo
813 1923 962 1974 inerrabat?

366 2008 479 2069 Quando
491 2023 572 2059 senex
583 2014 689 2058 catenas
700 2007 824 2072 quatiens
837 2008 929 2056 domui
941 2008 1084 2058 inerrabatl

367 2093 462 2142 Nonne
473 2094 560 2141 forma
571 2091 643 2141 senis
654 2091 772 2140 horrenti
784 2090 880 2153 capillo
892 2093 946 2140 tuis
956 2092 1041 2140 oonlis
1057 2095 1166 2142 inerret?

367 2175 462 2223 Nonne
473 2175 554 2223 timor
565 2174 686 2236 imaginis
697 2173 795 2236 longus
802 2175 872 2222 erat?

366 2255 461 2305 Nonne
473 2258 554 2305 timor
566 2255 689 2306 manebat
701 2260 843 2319 postquem
855 2269 934 2304 causa
945 2256 1049 2305 timoris
1061 2257 1237 2308 abscesserat?

367 2339 463 2389 Nonne
474 2339 555 2387 timor
566 2343 623 2387 erat
634 2339 739 2402 longior
751 2352 831 2401 quam
844 2351 938 2386 causae
949 2337 1064 2387 timoris?

368 2420 464 2472 Nonne
475 2422 556 2471 timor
566 2421 673 2485 longior
684 2425 741 2471 erat
752 2419 860 2479 nausiet

303 2572 507 2615 II-AENIGMA
524 2572 731 2615 HISTORICUM.

369 2660 480 2709 Femina
492 2673 551 2709 sum
564 2664 591 2707 et
603 2664 717 2707 mortua
754 2658 855 2707 Multos
865 2672 951 2707 annos
961 2672 1019 2708 sum
1033 2664 1144 2711 monum
1164 2674 1255 2724 regine
1279 2664 1327 2713 ini.

303 2748 456 2811 Virgineam
469 2746 585 2809 reginam
597 2745 723 2809 appellari
734 2760 776 2794 me
785 2744 867 2795 volui.
903 2746 1004 2796 Multos
1013 2761 1096 2797 annos
1105 2747 1224 2811 regnavi:
1235 2749 1332 2815 imper-

302 2830 360 2879 inm
372 2828 591 2893 gloriosissimum
602 2827 692 2878 habui.

368 2912 448 2961 Multi
460 2913 611 2975 scriptores,
625 2914 729 2974 poetae,
741 2910 894 2974 philosophi
905 2926 950 2960 me
962 2916 1090 2975 regnante
1100 2913 1232 2963 vixerunt.

369 3000 465 3049 Melior
475 3000 567 3062 regina
578 3013 659 3063 quam
670 3000 772 3048 lemine
785 3000 833 3048 tui.
870 3000 980 3049 Femina
999 3000 1085 3050 landis
1096 3001 1179 3062 arida,
1200 3003 1329 3067 zelotypa,

302 3082 414 3133 subdola
425 3082 475 3139 fuii
494 3083 588 3145 regina
598 3082 685 3142 tortis,
699 3083 813 3145 sapiens,
826 3082 929 3145 patriae
941 3097 1040 3132 amana

369 3165 484 3215 Tametsi
497 3165 612 3214 maxima
624 3169 652 3214 et
663 3165 792 3214 honorum
806 3166 893 3229 plene,
907 3166 1004 3215 infelix
1016 3180 1075 3215 snm
1088 3170 1199 3217 mortua

369 3247 495 3297 inimicae
506 3247 590 3295 fllium
602 3247 726 3297 heredem
739 3262 829 3297 meum
841 3248 903 3298 teci.

368 3328 432 3387 Quis
443 3329 515 3379 dicet
526 3342 594 3393 quae
605 3330 676 3379 siml

303 3483 382 3525 III-⁴¹
392 3485 527 3525 HORNER
543 3486 579 3533 JA
586 3485 605 3525 C
605 3486 623 3525 C
625 3483 710 3525 ULO.''

368 3586 473 3635 Hos-ner
484 3585 589 3635 laeculo
601 3586 670 3635 sedit
684 3586 713 3635 in
725 3588 824 3650 angulo

366 3668 476 3729 Vorana,
490 3684 539 3719 ceu
551 3669 634 3719 serias
646 3676 736 3733 ageret
748 3671 837 3732 ferias,

400 3752 526 3801 (li-natum
538 3752 617 3801 dulce
629 3755 656 3801 et
667 3753 794 3802 amabiles

367 3838 461 3902 Inquit
471 3842 497 3888 et
510 3854 595 3888 unum
608 3840 750 3889 extrahens
763 3854 915 3903 prunum-

400 3923 418 3947 “
431 3922 542 3981 Homer,
558 3936 639 3985 quem
651 3923 735 3971 tueris
748 3921 837 3971 nobile
849 3926 940 3987 pueris

396 4012 540 4076 Exemplar
557 4012 702 4062 imitabile!
717 4015 731 4037 ”

771 4098 955 4147 -Arandiaea
976 4101 1033 4148 Can
1042 4100 1061 4148 i.
