3334 4900
300 315 323 363 la
686 313 926 364 LATINE.

297 484 531 532 Miuueuturatrae
542 487 657 534 carmine
666 499 751 546 curas
772 486 817 546 1v,
834 490 873 546 11,
887 489 927 535 85.

296 565 397 614 Pallida
408 580 479 616 mors
490 581 574 630 aequo
586 567 673 630 pulsat
692 569 759 630 pede
775 582 921 632 pauperum
941 568 1074 625 tabernas,

397 649 555 713 Regumque
566 655 659 711 turres,
680 651 702 710 Ι,
718 650 807 699 4.-0.
820 651 851 700 P.
865 651 896 699 Τ.

304 784 512 824 V-SCRIPYUM
528 785 618 824 APUD
636 785 811 824 CAESAREM
825 785 981 824 NOSTRUM
994 785 1061 824 EST.

362 875 384 924 1.
404 874 516 924 Gallim
527 890 584 924 esse
595 889 701 923 omnem
713 874 824 922 divisam
836 874 866 921 in
877 879 963 936 partes
971 878 1033 934 tres,
1047 890 1161 939 quarum
1175 892 1254 926 unam
1269 881 1323 927 *in-

300 960 497 1023 colereBelgas,
511 961 589 1010 aliam
609 961 764 1024 Aquitanos,
777 959 881 1008 tertiam
901 960 949 1022 qui
969 960 1089 1024 ipsorum
1112 963 1317 1026 linguaceltue,

298 1043 380 1092 latina
390 1043 460 1092 Galli
471 1043 672 1107 appellarentur.
706 1043 763 1091 Hos
774 1055 866 1090 omnes
876 1041 975 1105 lingua,
984 1043 1124 1105 institutis,
1135 1045 1240 1106 legibus
1251 1046 1322 1095 inter

298 1139 327 1173 se
338 1125 452 1174 differre.
486 1125 576 1174 Gallos
587 1125 620 1174 ab
633 1123 770 1188 Aquitanis
781 1123 944 1173 Garumnam
956 1125 1065 1187 flumen,
1076 1141 1092 1175 a
1112 1126 1201 1191 Belgis
1221 1128 1320 1178 Metro

298 1222 360 1257 nam
372 1214 401 1256 et
411 1208 560 1272 Sequanam
571 1207 696 1256 dividere.
743 1206 846 1254 Horum
862 1207 982 1256 omnium
999 1208 1162 1256 fortinimos
1183 1224 1241 1258 ease
1261 1211 1322 1259 Bel-

296 1309 350 1357 gas,
364 1299 502 1358 propterea
512 1295 584 1358 quod
595 1308 610 1342 a
621 1293 693 1342 cultu
710 1296 789 1356 atque
806 1292 969 1341 humanitate
991 1294 1143 1358 provinciae
1166 1295 1322 1358 longimme

295 1381 426 1443 abessent,
440 1381 600 1444 minimeque
612 1379 645 1428 ad
656 1393 701 1428 eos
720 1382 877 1428 mercatores
896 1393 974 1443 saepe
989 1386 1179 1441 commearent,
1193 1386 1274 1445 atque
1291 1398 1323 1431 ea

297 1478 365 1528 quae
376 1464 410 1512 ad
424 1462 617 1526 ¹effeminandos
627 1461 730 1510 animos
743 1461 906 1524 pertinerent
921 1462 1112 1526 importarent;
1131 1465 1321 1529 proximosque

295 1560 353 1596 esse
365 1545 511 1606 Germanis,
525 1544 572 1608 qui
584 1549 655 1592 trans
665 1543 789 1592 Rhenum
805 1543 959 1604 incolerent,
972 1544 1133 1608 quibuscum
1153 1547 1322 1597 continenter

296 1629 396 1678 bellum
419 1631 548 1690 gererent.
594 1625 650 1684 Qua
665 1626 699 1674 de
716 1640 793 1674 causa
815 1627 951 1675 Helvetios
966 1641 1075 1691 quoque
1097 1629 1214 1692 reliquos
1231 1631 1324 1678 Gallos

294 1711 391 1759 virtute
402 1710 566 1774 praecedere,
580 1708 651 1772 quod
663 1711 719 1757 fere
730 1707 892 1772 quotidianis
902 1709 1010 1773 proeliis
1029 1725 1090 1759 cum
1103 1711 1245 1760 Germanis
1257 1727 1320 1760 con-

295 1793 442 1853 tenderent,
456 1807 516 1842 cum
528 1796 574 1841 aut
583 1791 638 1840 suis
649 1790 748 1839 finibus
760 1805 804 1839 eos
815 1791 995 1855 prohiberent,
1005 1795 1051 1840 aut
1062 1792 1114 1856 ipsi
1126 1793 1155 1841 in
1167 1808 1260 1842 eorum
1272 1795 1322 1842 fin-

295 1875 356 1925 ibus
378 1875 477 1924 bellum
500 1877 628 1937 gererent
665 1874 762 1922 Elorum
784 1887 863 1922 unam
880 1877 989 1936 partem,
1004 1889 1085 1938 quam
1097 1875 1189 1925 Gallos
1199 1876 1322 1925 obtinere

295 1957 397 2006 dictum
410 1959 452 2016 sit,
466 1956 573 2005 initium
590 1969 682 2018 capere
699 1969 715 2003 a
738 1955 847 2004 flumine
869 1955 1008 2017 Rhodano,
1030 1957 1162 2006 contineri
1184 1958 1322 2008 Garumna

296 2040 415 2100 flumine,
436 2039 550 2100 Oceano,
564 2039 663 2088 fluibus
674 2038 830 2100 Belgarum
850 2038 981 2101 attingere
997 2039 1079 2088 etiam
1096 2039 1130 2088 ab
1150 2041 1281 2105 Sequanis
1293 2058 1321 2090 ec

299 2123 438 2171 Helvetius
456 2122 555 2170 flumen
574 2122 705 2181 Rhenum,
726 2135 832 2184 vergere
841 2120 875 2169 ad
882 2123 1085 2184 septentriones.
1122 2124 1218 2187 Belgas
1229 2125 1263 2172 ab
1275 2139 1321 2172 ex-

299 2206 392 2254 tremis
403 2205 503 2254 Galliae
515 2203 612 2252 finibus
623 2203 695 2263 oriri,
709 2203 840 2267 pertinere
851 2205 883 2252 ad
901 2205 1055 2253 interiorem
1074 2210 1176 2269 partem
1199 2207 1321 2256 fluminis

299 2289 388 2338 Rheni
398 2292 516 2351 spectare
528 2289 555 2335 in
567 2286 773 2350 septentrionem
783 2291 810 2334 et
820 2286 974 2335 orientalem
991 2287 1084 2335 solem.
1119 2289 1290 2351 Aquitaniam
1303 2305 1318 2338 u

296 2371 432 2420 Garumna
449 2370 557 2418 flumine
574 2369 608 2417 ad
629 2369 776 2432 Pyrenaeos
798 2371 904 2417 montes
920 2373 947 2417 et
963 2383 1022 2417 eam
1035 2374 1136 2432 partem
1150 2369 1248 2420 Oceani
1271 2373 1317 2435 qui

295 2459 364 2503 esset
374 2454 407 2502 ad
420 2453 574 2517 Hispaniam
586 2454 725 2515 pertinere,
739 2456 856 2515 spectare
868 2453 937 2501 inter
947 2467 1069 2502 occasum
1082 2453 1146 2503 solia
1163 2459 1191 2502 et
1210 2460 1316 2518 septen-

295 2537 404 2585 triones.

339 2621 374 2668 11.
390 2619 467 2683 Apud
478 2619 614 2668 Helvetios
624 2619 702 2681 longe
710 2618 904 2667 nobilissimum
916 2620 999 2668 fuisse
1011 2623 1038 2667 et
1050 2620 1211 2669 ditissimum
1222 2620 1322 2683 Orget-

295 2704 408 2766 origem.
447 2704 523 2761 Eum,
538 2702 577 2750 Μ.
595 2702 705 2750 Messala
716 2714 742 2749 et
754 2702 793 2749 M.
816 2702 913 2750 Pisone
926 2701 1089 2760 consulibus,
1114 2702 1189 2763 regni
1214 2704 1318 2766 cupidi-

295 2789 348 2834 tate
359 2786 505 2845 inductum,
519 2784 724 2845 conjurationem
736 2783 882 2831 nobilitatis
893 2783 997 2837 fecisse,
1007 2787 1035 2830 et
1043 2783 1144 2831 civitati
1155 2785 1319 2846 persuasisse

295 2872 325 2915 ut
335 2869 368 2916 de
380 2868 479 2916 fluibus
489 2866 544 2915 suis
555 2882 614 2915 cum
626 2866 751 2914 omnibus
761 2866 845 2928 copiis
867 2864 983 2913 exirent:
1015 2865 1142 2928 perfacile
1163 2880 1229 2926 esse,
1256 2881 1317 2915 curn

296 2953 394 2999 virtute
404 2950 529 2998 omuibus
541 2952 710 3013 praestarent,
724 2947 806 2996 tetius
818 2947 918 2996 Galliae
930 2947 1043 3011 imperio
1066 2948 1160 3011 potiri.
1211 2950 1241 2997 Id
1266 2950 1318 2997 hoc

294 3037 399 3106 facilius
408 3037 448 3085 eia
459 3036 627 3100 persuasisse,
641 3034 714 3098 quod
726 3034 840 3097 undique
852 3034 903 3083 loci
915 3038 1009 3083 natura
1020 3035 1137 3083 Helvetii
1147 3036 1317 3084 contineren-

295 3125 346 3180 tur;
378 3122 557 3182 unaexparte
569 3117 1014 3181 flumineRhenolatissimoatque
1030 3117 1179 3176 altissimo,
1205 3119 1251 3181 qui
1275 3134 1320 3181 ag-

296 3218 356 3251 rum
370 3198 850 3259 HelvetiumaGermanisdivideret;
883 3200 963 3249 altera
983 3213 1017 3247 ex
1041 3205 1115 3263 perte
1139 3205 1229 3249 monte
1252 3202 1320 3250 Jura

294 3284 431 3345 altissimo,
444 3286 490 3347 qui
500 3288 569 3332 esset
579 3283 648 3331 iuter
657 3283 792 3345 Sequanos
804 3287 831 3331 et
843 3282 986 3343 Helvetios,
1011 3282 1091 3331 tertia
1108 3283 1165 3331 lacu
1178 3271 1315 3332 Lemanno

293 3372 320 3415 et
330 3368 439 3416 flumine
451 3366 588 3424 Rhodano,
602 3365 648 3429 qui
660 3364 821 3427 provinciam
833 3368 950 3413 nostram
962 3364 995 3413 ab
1012 3365 1143 3414 Helvetiis
1167 3365 1309 3415 divideiet.

295 3451 345 3500 His
356 3450 434 3498 rebus
445 3451 545 3498 factum
557 3462 622 3509 esse,
637 3452 704 3496 utet
715 3449 802 3496 minus
813 3448 865 3496 late
886 3452 1053 3509 vagarentur,
1076 3452 1104 3496 et
1127 3448 1216 3497 minus
1240 3451 1319 3497 facile

295 3534 415 3582 finitimis
425 3532 524 3580 bellum
535 3532 633 3579 inferre
645 3536 760 3594 possent,
785 3545 837 3594 qun
848 3544 881 3579 ex
891 3538 964 3593 parte
977 3530 1101 3578 homines
1112 3530 1227 3592 bellandi
1243 3535 1316 3595 eupi-

294 3614 749 3679 dosmaguodoloreatiectosesse.
803 3614 855 3662 Pro
879 3612 1150 3661 multitudineautem
1164 3614 1314 3674 hominurn,

294 3708 319 3748 et
331 3714 379 3762 pro
390 3698 473 3761 gloria
483 3696 546 3745 belli
555 3700 633 3759 atque
644 3696 818 3749 tortitudinis,
839 3701 965 3757 angustos
977 3709 1006 3743 se
1019 3696 1086 3743 fines
1098 3695 1193 3743 habere
1206 3697 1317 3744 arbitra-

294 3792 336 3834 tos
347 3800 412 3844 esse,
427 3784 512 3848 quiin
525 3783 718 3845 longitudinem
730 3782 802 3830 milia
813 3797 938 3845 passuum
959 3782 1073 3830 ducenta
1086 3786 1113 3829 et
1129 3781 1313 3844 quadraginta,

294 3874 321 3921 in
333 3872 498 3922 latitudinem
510 3877 617 3919 centum
630 3875 656 3918 et
667 3871 801 3931 octoginta
818 3872 949 3933 paterent.

299 3984 646 4035 t'l-QUAESTJ()NES.-ln
661 3982 675 3999 ‘¹
686 3981 731 4021 A.’‘

312 4077 332 4119 l.
352 4071 423 4129 Quid
435 4072 485 4119 esti
518 4069 598 4132 Virga
609 4078 655 4117 est.
702 4072 725 4116 2,
746 4069 816 4126 Quot
827 4070 915 4130 virgae
926 4070 1001 4116 anull
1035 4068 1211 4131 Duaevirgee
1227 4078 1297 4117 sunt..

309 4158 332 4202 3.
353 4156 425 4213 Quot
436 4154 565 4201 fenestrae
578 4152 650 4200 sunt?
684 4151 755 4208 Quot
766 4152 882 4198 nrensael
901 4149 1016 4198 tabulae?
1038 4150 1154 4198 chartae?
1174 4151 1283 4212 januae?

311 4241 334 4284 4.
351 4234 421 4293 Quot
431 4237 493 4283 sunt
504 4238 557 4281 tres
567 4237 594 4282 et
606 4234 669 4281 tresl
701 4232 759 4280 Sex.
795 4233 860 4279 Tres
871 4236 897 4279 et
910 4232 977 4279 duae
989 4230 1090 4293 virgae?
1113 4237 1167 4281 tres
1180 4239 1207 4281 et
1222 4237 1284 4281 unu?
1294 4262 1317 4268 -

392 4314 1099 4366 Getlllet3l7etl?letllsetllvetIietc.

294 4421 382 4488 ‘iis
392 4449 421 4489 ss:
432 4449 483 4497 cap.
494 4449 515 4489 4:
531 4448 579 4485 nv.
590 4447 660 4491 rusi,
672 4446 769 4489 mna
784 4446 828 4484 erc.
840 4444 889 4484 nm
900 4444 955 4483 ιιι
965 4444 1024 4483 hcl.
1035 4446 1060 4484 x.
