3334 4900
641 338 644 348 v
702 435 705 445 ,
747 381 993 434 LATINE.

347 605 367 644 C
367 604 465 644 UPIDO
477 604 525 644 ΕΤ
533 604 667 646 PSYCHE.
681 605 749 654 [Aleta
758 605 838 654 Pars.)

409 705 576 755 Tuoc‘uoces
585 705 734 767 permultae
745 705 841 756 turbae
851 707 952 756 musice
963 709 1084 757 canentis
1093 710 1252 772 perveniunt
1267 710 1302 759 ad
1312 724 1372 759 aur·

345 800 374 835 es
391 789 459 851 ejus
502 787 572 856 Tum
584 788 673 850 silent
686 791 714 838 et
733 803 786 838 vor
804 791 963 840 suavlsdma
974 791 1056 853 dioit3
1084 791 1107 841 0
1123 789 1237 862 Psyche,
1250 793 1374 861 efismea

344 883 404 919 cars
414 871 532 934 conjuro
553 869 698 921 inuisibilis
709 874 737 920 et
746 875 829 921 noctu
840 872 929 933 adero,
940 869 990 922 sed
1000 874 1152 923 mammete
1163 873 1266 924 amabo.
1290 875 1372 924 Dein·

344 957 378 1007 de
389 957 500 1021 qnidam
510 957 613 1008 cithara
623 961 749 1023 personet
760 962 788 1008 et
798 957 953 1009 dulcissime
962 964 1052 1010 cantat-
1062 960 1168 1011 chorus.
1202 960 1303 1012 Multas
1310 959 1374 1026 post

343 1048 437 1095 noctes
449 1045 561 1095 maritus
575 1044 727 1104 'invisibilis
746 1044 822 1096 dicit:
840 1030 862 1073 '“
869 1045 975 1096 Dilecta
992 1047 1101 1109 conjnx,
1114 1059 1217 1098 sorores
1232 1051 1301 1110 tuna,
1313 1063 1374 1113 per-
1435 1104 1439 1110 ,

344 1127 466 1177 turbatae
474 1126 788 1194 opinionetuaemortle,
802 1128 879 1178 brevi
890 1127 1133 1180 veniantadistam
1149 1144 1251 1195 rupem.
1286 1131 1373 1182 fliau·
1483 1187 1489 1202 ,
1565 1135 1569 1142 ’
1602 1120 1605 1129 ’

344 1209 426 1281 dietis
442 1209 656 1268 lamentetiones.
668 1211 709 1261 Ne
720 1212 921 1276 responde-ne
931 1213 1035 1276 respice
1049 1211 1158 1277 quidam
1169 1214 1203 1264 ad
1211 1209 1265 1265 'eas
1300 1215 1374 1266 Alias

346 1296 413 1346 mihi
425 1295 764 1362 quidemparasdclcrem‚
776 1298 826 1349 tibi
838 1296 903 1349 raro
915 1298 1091 1371 perniciem!
1307 1351 1310 1356 ,

327 1415 329 1418 ·
412 1399 449 1446 at
471 1397 577 1462 Psyche
592 1397 744 1460 lacrimans,
757 1402 784 1449 et
803 1397 931 1467 rogitans,
945 1401 973 1448 et
991 1392 1119 1448 minitans
1137 1413 1172 1449 se.
1184 1398 1248 1450 alias
1264 1402 1376 1463 moritu·¹

344 1493 412 1535 ram.
423 1478 549 1544 impetrat
558 1466 593 1529 ab
604 1479 690 1530 invito
701 1480 798 1530 marito
808 1483 840 1530 ut
850 1494 953 1530 sorores
963 1479 1052 1530 videet
1063 1483 1090 1529 et
1100 1480 1182 1531 leniat
1198 1495 1288 1531 aarum
1300 1495 1374 1532 maa·

322 1607 324 1612 .
345 1575 442 1612 rorem.
477 1559 530 1612 Sed
551 1560 664 1613 maritus
684 1566 778 1613 monet
793 1578 828 1614 ne
850 1550 977 1628 umquam
993 1563 1027 1612 de
1049 1557 1137 1615 forma
1154 1564 1374 1629 mariti‘quaerat

344 1657 412 1694 neve
422 1657 452 1694 ee
463 1643 497 1694 de
513 1646 590 1694 unte
600 1644 770 1695 fortunarum
781 1646 899 1698 culmine
909 1647 994 1713 impia
1003 1648 1155 1698 curiositate
1170 1645 1298 1714 dejiciat,
1321 1647 1372 1697 llla

315 1783 318 1788 ¹
345 1725 443 1790 gratiae
462 1725 518 1790 egit
536 1725 641 1789 marito,
658 1730 687 1778 et
705 1729 807 1778 orauit:
826 1729 984 1796 “Impera”
995 1744 1103 1796 quaeso,
1116 1729 1174 1780 “illi
1182 1729 1306 1795 zephyro,
1320 1733 1369 1779 tuo

345 1821 431 1870 servo,
445 1810 476 1857 ut
486 1807 600 1858 ad‘vehat
609 1809 663 1859 linc
673 1810 707 1860 sd
718 1824 762 1860 ms
772 1823 847 1861 meas
856 1812 987 1863 sorores.”
1019 1813 1131 1863 limitas
1138 1813 1227 1862 omnia
1236 1809 1368 1876 promisit

346 1894 416 1944 ‘hun
428 1893 472 1944 die
481 1893 650 1958 adventante,
663 1895 740 1947 abiit.
774 1897 878 1947 Eodem
894 1898 938 1956 die
954 1895 1015 1950 illae
1025 1898 1128 1955 sorores
1144 1899 1178 1950 ad
1192 1913 1259 1952 ,eam
1275 1911 1370 1963 rupem

345 1975 468 2028 veniunt.
499 1975 614 2029 Flebant
624 1983 741 2030 etenum
752 1968 1020 2032 sororem'inielioem
1029 1981 1138 2032 nomine
1148 1979 1285 2031 vocabant.

411 2081 505 2146 Rupes
514 2080 671 2146 scopulique
681 2079 958 2130 remittebmtson'um
965 2095 1073 2148 vanum.
1107 2080 1176 2132 Τὼ
1187 2081 1288 2154 l’syeha
1300 2071 1373 2145 tr'epss

245 2225 251 2232 ,
346 2163 424 2221 idens
435 2162 685 2229 procurritedcmo
696 2168 724 2213 et
735 2163 866 2213 exclamat
876 2164 965 2213 “Fece
975 2178 1021 2214 me
1030 2178 1111 2228 quam
1121 2163 1225 2228 lugetis!
1247 2163 1368 2214 Desinite

345 2247 495 2297 lamenta1”
529 2247 614 2296 Vocat
629 2245 779 2311 zephyrum
793 2249 825 2312 ¹et
845 2247 920 2310 jussa
939 2246 1042 2296 domini
1052 2249 1188 2296 memorat
1221 2247 1372 2296 Sinemora

345 2329 491 2380 oboediens
500 2328 625 2393 mandato
636 2327 760 2394 deportat
769 2327 828 2378 illas
838 2327 989 2378 mitissimis
996 2327 1076 2380 auris.
1109 2327 1218 2378 Sorores
1234 2326 1294 2378 illae
1304 2327 1371 2391 Psy·

346 2415 414 2467 chen
426 2415 624 2481 amplectuntur
634 2418 663 2467 et
673 2415 734 2467 illae
754 2414 878 2466 lacrirm
895 2416 952 2480 iam
962 2428 1097 2481 repressae
1106 2418 1245 2465 manunt
1265 2414 1371 2476 iterum,

344 2499 446 2549 laetitia
457 2513 502 2551 eas
512 2498 643 2549 eliciente.
678 2497 783 2561 Psyche
803 2497 923 2549 ostendit
941 2497 981 2549 ais
999 2499 1142 2549 immensae
1160 2496 1371 2547 divitiasdomus

346 2596 449 2644 aureae,
461 2596 556 2633 vocum
573 2569 785 2631 ministrantium
800 2580 1116 2645 numerosam-tumidam
1137 2580 1246 2631 auribus
1263 2580 1374 2630 demeu-

174 2714 177 2721 ,
245 2714 248 2720 ,
346 2668 421 2715 strat
455 2666 513 2715 Iam
535 2663 620 2714 malae
635 2676 740 2725 sorores
761 2663 838 2713 munt
853 2662 992 2714 invidiam.
1026 2663 1088 2714 Non
1109 2668 1213 2714 cassant
1234 2677 1372 2728 quaerere:

349 2752 716 2804 “Ubiestmarituatuuw
753 2738 928 2810 “Quemr·
963 2750 1245 2810 ‘concremer‘

412 2854 516 2918 Peyohe
536 2852 687 2917 respoudit:
704 2852 846 2910 “iuvenis
865 2855 916 2916 est.
936 2855 965 2902 et
986 2853 1128 2903 formosus.
1160 2826 1322 2903 ¹Veneticuas
1343 2852 1372 2901 in

347 2937 485 2987 montibus
506 2936 546 2986 illi
568 2936 710 2986 delectant
746 2936 835 2985 Hodie
857 2936 998 2987 venatur.”
1030 2935 1181 2999 Zephyrum
1202 2939 1286 2985 vocat.
1320 2935 1369 2984 Ille

347 3034 440 3070 servus
450 3018 537 3069 tidelis
548 3031 593 3069 ese
603 3017 714 3069 revehit
743 3018 863 3068 ‘Sorores
873 3018 984 3067 domum
995 3021 1156 3067 revertentes
1167 3018 1251 3067 multa
1261 3018 1332 3066 inter
1342 3031 1372 3066 se

347 3102 505 3168 garriebant
538 3101 643 3166 ‚Altera
653 3100 693 3150 aio
703 3100 809 3165 incipit:
836 3100 985 3150 “Forsitan
1005 3100 1166 3163 Danaeius
1184 3102 1291 3164 conjux,
1314 3114 1373 3149 eam

347 3200 456 3251 quoque
467 3186 547 3235 faciet
557 3184 669 3235 Deam.”
692 3181 907 3247 Altemsoeoipit·
929 3185 947 3212 ‘⁸
958 3182 1058 3244 siccet,
1070 3184 1198 3247 prolecto.
1220 3183 1372 3233 damstim

347 3273 431 3324 sumit
441 3272 494 3323 eibi
505 3271 611 3322 divinos
631 3255 746 3336 spiritus
758 3270 823 3321 haec
838 3270 936 3319 mulier
951 3271 1093 3336 impudens
1111 3283 1178 3334 quse
1195 3268 1277 3319 hahet
1288 3271 1373 3321 Voces

347 3356 617 3425 ancillaeetlmperat
632 3358 699 3424 ipsis
709 3357 824 3409 rentis.”
857 3358 949 3425 i’rima
967 3357 1118 3422 subjungit:
1134 3359 1191 3408 “At
1207 3371 1258 3422 ego
1278 3358 1373 3408 infelix

210 3486 212 3491 v
242 3502 251 3517 ,.
346 3446 490 3508 ⁰01²i¹¹80m
500 3442 587 3493 hflbw
597 3455 658 3491 meo
669 3444 745 3505 petre
756 3441 890 3492 seniorem
909 3442 958 3505 qni
978 3443 1062 3491 totam
1078 3440 1188 3491 domum
1198 3440 1314 3491 custodit
1323 3442 1373 3479 ”-
1434 3444 1440 3451 ·

346 3527 381 3577 Et
393 3526 445 3576 alia
455 3524 608 3591 respondete
622 3524 719 3575 “Meus
728 3523 842 3574 maritus
854 3528 895 3574 ast
902 3537 982 3588 aeger
989 3526 1017 3573 et
1027 3524 1168 3573 molestum
1178 3523 1295 3573 officium
1306 3525 1372 3573 artis
1418 3562 1423 3571 .

347 3610 602 3664 medioae'eustinec.
639 3610 724 3670 Quam
744 3612 849 3678 Psyche
867 3614 958 3661 autem
968 3625 997 3662 se
1018 3611 1147 3676 jactabat!
1182 3611 1222 3661 Ne
1233 3610 1373 3675 praedice-

347 3711 408 3746 mus
418 3681 520 3746 tentam
531 3696 590 3760 ejus
601 3686 766 3745 felicitatem.
801 3694 859 3745 Nec
869 3697 934 3744 sunt
952 3694 1027 3743 enirn
1046 3692 1118 3743 beati
1134 3706 1248 3757 quornm
1265 3692 1373 3743 &vitias

345 3777 520 3829 namonovit
555 3776 671 3828 Posthac
681 3777 742 3841 ejus
752 3776 906 3841 superbiam
915 3776 1086 3841 puniamus’'
1119 3775 1163 3825 Sic
1174 3779 1269 3840 petunt
1278 3776 1373 3825 domos

346 3880 416 3927 suas,
430 3852 613 3935 machinantes
628 3863 760 3915 nefariam
770 3864 906 3913 fraudem·
939 3857 1050 3913 Interim
1066 3862 1189 3927 Psychen
1206 3864 1305 3927 conjux
1315 3862 1369 3917 ille.

346 3966 427 4017 quem
440 3953 554 4017 ignorat,
566 3952 659 4001 futura
671 3951 757 4002 dccet
791 3950 925 4001 “Sorores
944 3949 1061 4014 perfidae
1075 3949 1190 3999 netmhs
1200 3948 1311 4000 insidias
1321 3948 1373 3999 tibi

346 4023 510 4101 computant.
528 4032 877 4085 ·'1ibidsbuntconsilium
887 4031 1047 4082 observandi
1055 4045 1142 4082 meam
1148 4031 1261 4095 taciem3
1279 4046 1370 4096 quam,

243 4131 245 4133 ·
346 4118 370 4167 si
380 4116 521 4185 aspexeris¹
528 4131 584 4168 nou
595 4115 708 4181 aspicies
719 4115 843 4181 amplius.
867 4115 963 4180 Itaque
971 4115 1005 4165 de
1015 4117 1064 4164 tuo
1073 4116 1169 4165 marito
1178 4114 1218 4165 nil
1227 4114 1372 4180 quicquam

347 4200 494 4251 velaudias
503 4199 547 4250 vel
561 4200 748 4265 respondeas-'¹
782 4199 854 4249 Tum
874 4197 1014 4263 praevenit
1035 4196 1194 4248 discanicm
1215 4212 1264 4249 sua
1284 4198 1372 4249 lucem

346 4285 400 4335 diei
411 4283 530 4335 orientis.
565 4283 669 4346 Eodem
685 4282 730 4335 die
746 4282 842 4333 ambae
859 4294 965 4332 sorores
981 4280 1164 4346 conspirantes
1182 4281 1255 4333 illam
1276 4297 1372 4348 rupem

347 4368 470 4419 celeriter
480 4370 576 4433 petunt
587 4370 615 4418 et
625 4366 755 4418 desiliunt
765 4366 796 4416 in
806 4366 900 4417 altum.
934 4364 989 4416 Sed
1000 4365 1137 4431 Zephyrus
1146 4364 1243 4416 detulit
1252 4380 1298 4416 eas
1308 4366 1374 4417 leui.

346 4462 388 4507 uer
404 4459 439 4509 au
462 4442 584 4545 unam(
613 4458 720 4507 muana
738 4455 769 4506 n
787 4454 899 4505 comum
918 4457 946 4506 et
962 4453 1160 4505 muman
1177 4454 1293 4506 sonant.
1328 4454 1374 4505 ea
