3334 4900
453 793 593 892 suu
670 747 1145 960 LATJNE·

457 1083 507 1122 Iter
514 1086 549 1122 est
557 1082 651 1133 Ionum
657 1085 702 1133 per
707 1087 841 1133 praecepta,
851 1083 946 1123 trevas
953 1084 1037 1133 efficax
1045 1089 1089 1134 per
1097 1086 1331 1135 exempla.-Smcs.

381 1269 695 1311 1--Plins-HORRJBJL8
714 1271 834 1329 view!
861 1271 930 1319 {Pars
943 1271 1040 1320 Tertia.l

767 1373 783 1390 “’
790 1369 850 1410 Mihi
859 1369 958 1419 higinus
969 1371 1048 1410 horror

535 1419 663 1460 “Membra
678 1421 764 1471 quatit,
781 1419 873 1471 gelidus
888 1421 935 1460 oolt
948 1420 1069 1460 tormidine
1078 1423 1184 1472 sangnis!
1194 1423 1208 1438 '⁹

1132 1473 1221 1523 -Verg
1239 1473 1344 1514 111:OE

447 1579 514 1628 Indo
524 1577 741 1628 inhabitantibus
753 1578 845 1628 tristes
864 1577 991 1644 diraeque
1013 1583 1104 1629 noctes
1125 1595 1172 1642 per
1194 1585 1294 1629 metum
1315 1581 1411 1645 vigiln-

379 1643 494 1695 bsntur=
530 1643 657 1707 vigiliam
668 1642 789 1706 morbus,
804 1649 832 1693 st
842 1653 977 1694 oresoente
989 1644 1141 1702 tormidine,
1154 1660 1224 1695 mors
1235 1646 1403 1710 sequabatur.

445 1759 543 1818 Quale·
554 1763 647 1812 nootos
658 1759 860 1824 vigilabanturr

447 1853 470 1900 Α
483 1850 583 1915 quibus
594 1853 685 1902 tristes
696 1851 825 1916 diraeque
837 1855 929 1901 nostes
940 1852 1137 1916 vigilabuntur?

445 1931 543 1983 Nonne
555 1933 738 1984 inhabitantes
748 1933 841 1984 tristes
852 1934 976 2000 dirasque
985 1939 1076 1984 noctes
1087 1950 1134 2000 per
1146 1940 1244 1986 metum
1254 1936 1409 2001 vigilabanti

447 2015 503 2073 Qus
514 2015 548 2066 ds
559 2031 640 2066 osusa
650 2014 867 2067 inhabitantibus
877 2017 949 2066 dirae
961 2023 1052 2068 noctes
1064 2018 1239 2082 vigilabuntur
1253 2021 1263 2068 3

447 2099 503 2149 Gur
514 2101 601 2148 metus
612 2098 830 2149 inhabitantibus
841 2101 909 2148 erati

427 2248 433 2258 ·
444 2183 541 2232 Nonne
553 2181 617 2232 indo
630 2182 791 2248 vigilabant?

446 2265 525 2317 Unda
536 2265 696 2330 vigilabant?

445 2354 529 2404 Estne
540 2353 641 2403 bonnm
653 2357 735 2404 nootu
747 2352 871 2418 vigilarel

443 2437 542 2487 Eratns
553 2435 619 2487 boni
630 2435 758 2501 imaginis
769 2441 853 2487 noctu
865 2436 985 2501 vigilarei

444 2520 568 2570 vellesne
580 2534 637 2569 eam
648 2520 759 2571 domum
777 2520 910 2570 habitare?

444 2604 541 2653 Nonne
552 2602 664 2654 morbus
677 2604 772 2667 longas
784 2603 890 2668 vigilias
901 2619 980 2668 saepe
991 2605 1120 2667 sequitur!

445 2691 541 2742 Nonne
552 2690 664 2742 morbus
675 2706 736 2741 eam
748 2691 871 2755 vigiliam
882 2691 989 2755 longum
1001 2692 1206 2741 inhabitantium
1217 2693 1395 2756 sequebatur?

442 2777 561 2836 Quorum
573 2777 685 2830 morbus
697 2778 878 2843 sequebatur?

443 2862 539 2912 Nonne
551 2860 669 2912 formido
680 2862 769 2912 indies
780 2861 927 2911 oresoohati

440 2944 558 3003 Quorum
570 2944 687 2995 lormido
697 2944 854 2997 oresosbstl

441 3028 580 3080 Grssoitns
592 3033 640 3079 tua
651 3029 792 3079 lormidoi

441 3112 538 3163 Nonne
550 3111 652 3163 bonnm
665 3116 707 3162 ast
717 3112 907 3163 tortitudinem
918 3116 1054 3163 crescere?

440 3196 524 3245 Estne
536 3193 588 3244 tibi
598 3194 664 3245 satis
675 3195 860 3245 tortitudinis?

441 3278 525 3327 Estne
537 3269 640 3327 bonu'm
651 3278 769 3327 multum
780 3277 951 3327 tortitudinis
966 3279 1074 3327 heberei

440 3361 537 3411 Nonne
549 3360 681 3412 fort-itudo
693 3365 721 3410 et
732 3351 853 3410 ⁵formido
864 3361 998 3411 contraria
1007 3363 1081 3410 sunti

440 3448 537 3499 Nonne
549 3447 656 3498 Plinius
666 3447 735 3497 dioit
745 3452 859 3497 mortem
872 3446 998 3497 morbum
1009 3453 1124 3497 secutam
1135 3450 1208 3497 esse?

440 3531 513 3581 Num
525 3545 598 3580 mors
609 3529 736 3580 morbum
748 3530 802 3579 nisi
813 3530 933 3580 formido
944 3530 1070 3580 orerimet
1078 3537 1168 3581 secuta
1178 3537 1253 3579 esset.

438 3614 493 3664 cur
505 3627 578 3663 mors
589 3626 651 3663 sum
663 3607 790 3663 morbum
801 3612 975 3677 sequabatur!

439 3697 536 3747 Nonne
548 3712 621 3749 mors
633 3711 713 3761 saepe
725 3710 849 3760 magnam
861 3696 1031 3745 formidinem
1042 3700 1132 3745 secute
1143 3698 1195 3745 eet?

441 3780 539 3831 Nonne
550 3784 657 3845 tompus
667 3785 696 3831 et
706 3780 783 3829 locus
793 3780 916 3829 homines
926 3779 1039 3829 audaces
1049 3794 1127 3843 saepo
1137 3780 1244 3828 timidos
1254 3778 1359 3828 reddit?

512 3966 622 4007 ORDIA.

440 4068 473 4117 In
484 4067 582 4117 eodum
594 4070 671 4132 prato
682 4066 862 4131 pssoebantur
871 4072 925 4117 tres
942 4066 1024 4115 boves
1041 4066 1068 4115 in
1084 4068 1196 4115 maxims
1213 4065 1359 4123 eoncordia,
1375 4070 1403 4113 et

373 4135 413 4183 sio
424 4133 458 4183 ab
469 4134 544 4183 omni
555 4135 674 4184 terarum
686 4133 841 4183 incursione
852 4134 904 4182 tuti
922 4139 1004 4181 erant.
1056 4134 1108 4182 Sed
1130 4132 1238 4181 dissidio
1250 4133 1319 4181 inter
1341 4131 1402 4179 illos

375 4206 443 4253 orto.
457 4199 557 4263 singuli
571 4199 664 4249 aleris
681 4198 761 4263 petiti
778 4204 806 4248 et
822 4199 914 4248 laniati
934 4204 1003 4247 sunt
1053 4198 1152 4248 Fabula
1174 4198 1249 4247 docet
1271 4204 1400 4262 quantum

375 4266 439 4314 boni
450 4264 526 4314 sitin
544 4263 694 4315 consortiis.

437 4372 499 4431 Quo
511 4371 541 4419 in
552 4372 612 4421 looo
624 4370 804 4436 pascebantur
814 4369 908 4419 bovesi

439 4454 511 4505 Num
522 4458 650 4519 quattuor
661 4453 745 4503 hoves
756 4455 785 4501 in
797 4454 892 4502 eodem
905 4458 980 4517 prato
991 4451 1173 4517 pascebantur!
