3334 4900
348 367 370 414 4
730 366 969 417 LATINE.

347 488 676 496 —-—--———-—
892 493 900 498 .
923 493 927 498 ,
942 494 946 498 ,
959 493 972 498 Α.
985 491 1290 497 --—..——..—..--—.-
1299 492 1368 498 ,-

349 577 356 612 l
363 575 479 612 ¹-ll0ata
489 573 532 612 Tll
545 574 568 612 E
572 573 591 612 T
603 574 620 612 C
623 573 697 612 URJA
705 574 753 614 TII.
768 575 833 622 [aaa
844 580 910 625 pure.
927 576 952 613 V.
963 576 1015 614 Liv.
1027 575 1045 612 1.
1056 575 1147 620 XXVJ

413 663 517 709 Omnes:
536 659 917 722 Taoebimus-—cognoscamus

414 742 539 791 Nuntius:
548 741 722 789 Foedereicto
729 741 798 789 inter
809 746 889 789 noset
898 740 1091 802 Albanostrige
1096 741 1158 788 mini
1165 755 1236 789 arma
1244 743 1365 806 capiunt.

413 826 501 872 Seuer:
522 823 628 874 Utinam
640 837 684 871 eoa
696 823 826 872 vidissem!

415 908 539 958 hiantius:
558 907 619 963 llos,
633 905 727 954 inertia
748 905 870 963 damnati,
895 904 1020 954 Horatios
1045 892 1143 956 talibus
1159 904 1253 955 verbis
1274 907 1368 955 adhor-

348 1000 441 1042 tamur:
462 992 499 1037 De
517 1005 616 1037 summu
628 988 709 1036 aelate
719 988 816 1052 patriae
828 1001 857 1032 ac
867 989 1020 1048 porcariam.
1031 989 1061 1037 ele
1072 991 1170 1038 matria
1189 989 1297 1050 parilia,
1308 1005 1372 1036 ma·

341 1075 461 1140 jugibus,
469 1071 566 1128 literis,
577 1070 606 1119 de
618 1070 671 1118 arie
684 1086 713 1116 ac
719 1067 800 1130 socca,
810 1070 839 1117 de
851 1069 927 1132 saris
947 1079 1017 1134 atque
1035 1072 1146 1132 templis,
1157 1071 1187 1142 da
1198 1073 1277 1124 tutius
1296 1073 1370 1120 artis

348 1159 415 1206 tectis
429 1171 457 1202 uo
470 1154 580 1207 aeditua,
591 1152 619 1199 de
631 1152 737 1214 imperio
748 1169 777 1200 oe
794 1152 915 1210 libertate,
930 1157 965 1212 0,
978 1154 1094 1212 Horatii,
1104 1156 1173 1204 tobia
1184 1156 1252 1207 actia
1267 1154 1368 1204 decam-

347 1242 405 1288 dum
420 1247 464 1287 eat.
503 1237 596 1284 Curate
608 1242 633 1280 at
645 1233 696 1280 viri
714 1233 780 1282 sitia.

348 1323 502 1435 mugisse.-
533 1319 565 1366 In
590 1316 741 1366 hominibus
761 1317 847 1367 tribus
867 1318 1009 1382 periclitari
1030 1335 1156 1370 summam
1179 1321 1220 1370 rei
1240 1319 1367 1384 pablicae

433 1401 464 1433 m.

415 1466 541 1516 Nuntius:
560 1466 593 1513 at
604 1465 725 1527 qualibus
735 1467 872 1529 imperium
882 1468 1022 1530 agebatur!
1058 1468 1137 1517 Marti
1162 1469 1245 1517 femci
1267 1469 1371 1518 similes

349 1552 376 1600 in
389 1552 500 1600 medinm
514 1550 584 1597 inter
593 1549 658 1596 duaa
669 1549 736 1598 aciae
747 1551 893 1611 procedunt
905 1551 1006 1599 Horatii
1019 1554 1053 1604 et,
1067 1556 1167 1610 contra,
1181 1549 1299 1600 Curiatii.

416 1633 523 1681 Mulier:
542 1632 630 1680 Eheu!
652 1632 785 1680 Horatiana
797 1633 927 1681 miseram!
948 1649 1006 1682 nam
1019 1633 1067 1682 imi
1078 1649 1111 1683 ax
1128 1634 1255 1684 Cimiatiia
1269 1648 1370 1698 attonsa

351 1733 385 1776 ca,
400 1717 502 1764 nonne?
534 1716 646 1764 Reverte
657 1713 769 1774 domum,
782 1730 839 1764 oro:
853 1731 886 1764 ne
898 1716 967 1765 andi.

417 1803 540 1852 Horatia:
558 1803 649 1864 Perge.
664 1803 749 1852 nunti.
764 1804 821 1852 sine
832 1818 903 1852 mora
914 1819 1004 1868 perge.
1044 1805 1068 1854 Ο
1079 1805 1170 1854 (iurati
1180 1807 1188 1853 i
1194 1838 1197 1842 ι
1219 1804 1244 1854 O
1254 1806 1368 1852 fratrea!

417 1886 541 1934 Nuntius<
558 1886 641 1934 Datur
651 1887 763 1947 signum,
778 1886 933 1950 infestisque
945 1888 1030 1945 armis,
1045 1888 1117 1936 velut
1127 1890 1199 1937 acies
1208 1889 1278 1936 temi
1288 1888 1369 1949 iuve-

351 1985 397 2018 nes
409 1982 561 2030 magnorum
572 1967 731 2015 exercituum
744 1969 843 2016 animoa
859 1975 988 2031 gemutea
1002 1974 1173 2020 concinnant.

419 2053 525 2100 Omnes:
541 2048 664 2113 anpiter
675 2049 786 2098 defende
799 2053 805 2098 l
1224 2087 1227 2092 «

418 2135 543 2182 Nautius:
559 2135 636 2182 Tunc
655 2132 824 2195 increpabant
841 2149 917 2188 arma,
933 2135 1111 2200 micantesque
1128 2135 1267 2199 fulgebant
1278 2135 1368 2198 gladii.

351 2223 452 2271 Horror
465 2223 559 2284 ingena
571 2236 619 2270 noa
631 2220 829 2284 perstringebat.
866 2223 999 2285 Torpebat
1009 2239 1059 2272 vox
1071 2225 1240 2287 spiritusque.
1276 2223 1376 2272 Subito

351 2321 404 2354 non
417 2309 504 2352 motus
515 2308 615 2352 tantum
629 2318 766 2366 corporum
778 2304 938 2367 agitatioque
949 2321 1046 2370 anceps
1057 2307 1169 2356 telorum
1179 2321 1373 2369 armorumque,

352 2389 397 2437 sed
410 2388 519 2434 vulnera
530 2401 636 2451 quoque
648 2391 675 2434 et
685 2388 790 2449 sanguia
807 2388 987 2451 spectaculo-

421 2476 545 2523 Horatio:
562 2474 593 2525 0.
607 2489 690 2531 soror,
702 2489 782 2537 soror,
796 2475 930 2525 redeamus
947 2476 1066 2526 mnam!
1084 2480 1154 2526 ferre
1174 2493 1229 2527 nm
1248 2482 1373 2532 wenta!

354 2542 435 2591 Educ!
649 2572 662 2597 0
1058 2544 1300 2593 {Abeunllormiaal

355 2680 498 2719 t'l-lloli',·l
509 2680 552 2718 TI!
565 2680 602 2719 CA
608 2680 743 2719 tritavum
755 2681 893 2719 Pullulat.-
908 2680 1028 2728 [Oralione
1041 2678 1141 2725 salutat

420 2766 459 2814 Ad
472 2771 505 2823 te,
521 2766 665 2821 Maecenas,
681 2768 761 2828 stirpe
783 2780 874 2827 regum
892 2765 1060 2827 antiquorum
1080 2768 1182 2822 natum,
1196 2762 1240 2811 cni
1259 2762 1374 2811 salntem

353 2862 395 2895 me
407 2847 503 2895 debore
516 2849 609 2902 fateor,
620 2850 748 2910 cujusque
759 2847 874 2896 amicitia
883 2847 994 2895 maxime
1006 2847 1130 2906 delector,
1144 2845 1222 2895 liceat
1234 2844 1300 2893 mihi
1309 2846 1377 2894 haec

352 2945 410 2978 mea
422 2930 539 2977 carmine
552 2929 662 2977 mittere.
700 2930 773 2978 Alius
785 2930 881 2977 aliuda
902 2929 954 2977 diis
972 2933 1065 2991 optat:
1096 2933 1160 2977 aunt
1171 2928 1219 2991 qui
1231 2928 1374 2991 Olympiae
1434 2971 1437 2975 ,

354 3014 496 3060 certamine
508 3012 694 3073 quadrigarum
707 3013 846 3074 gaudeant,
858 3015 892 3066 et,
906 3011 1015 3059 victoria
1036 3015 1121 3073 parta,
1132 3025 1160 3058 ae
1173 3024 1253 3073 snpra
1264 3012 1375 3059 modum

354 3099 499 3147 humanum
512 3098 602 3147 beatos
614 3104 720 3161 putent;
742 3098 784 3147 alii
797 3098 929 3161 suffragiis
946 3098 1038 3161 populi
1059 3097 1197 3146 mutabilia
1213 3112 1264 3160 par
1280 3112 1378 3146 omnea

355 3187 485 3234 honorum
499 3185 594 3247 gradm
606 3186 637 3233 ad
650 3200 783 3234 mammam
805 3187 944 3247 imperium
957 3186 1030 3232 elteri
1043 3186 1161 3245 cupiunt.
1199 3184 1279 3232 Hunc
1289 3184 1376 3245 irruat,

355 3269 477 3331 frugibus
489 3282 522 3315 ex
535 3268 637 3316 Africae
650 3269 758 3331 agrisin
770 3284 847 3316 sunm
859 3269 981 3316 horreum
994 3267 1121 3328 collectis,
1132 3281 1266 3315 annonam
1284 3266 1377 3315 incen-

356 3350 431 3409 dere;
452 3349 500 3408 illi,
514 3365 575 3413 arva
597 3356 704 3413 patema
720 3365 767 3399 sua
790 3366 869 3398 manu
887 3350 991 3399 cilenti.
1013 3349 1111 3411 opibus
1134 3347 1215 3397 Attali
1236 3363 1377 3412 nunquam

357 3432 508 3495 persuaderi
531 3433 622 3494 possit,
638 3436 674 3491 nt,
689 3434 819 3493 Aegaeum
839 3431 995 3494 navigando,
1010 3446 1037 3479 ee
1063 3444 1092 3478 m
1116 3430 1265 3493 periculam
1281 3431 1380 3494 capitis

356 3514 514 3563 committat.
552 3513 602 3571 Qui
616 3514 936 3563 mariaventiscommota
959 3514 1057 3573 horret,
1070 3514 1153 3561 vitam
1169 3512 1378 3562 matioumotio-

356 3617 469 3664 annique
480 3602 602 3649 laudibus
614 3604 706 3649 effert:
724 3601 746 3650 ai
758 3603 827 3649 forte
840 3606 926 3649 autem
939 3600 1011 3648 domi
1024 3615 1066 3647 rea
1078 3603 1203 3662 angustae
1220 3601 1290 3649 terra
1300 3614 1380 3662 eoge-

357 3689 407 3743 tur,
422 3683 535 3732 navibus
558 3684 670 3743 reiectis,
683 3687 761 3745 portu
783 3682 879 3731 iterum
901 3682 1090 3745 proficiscetur.
1125 3682 1200 3731 Alius
1217 3682 1267 3731 auh
1283 3681 1380 3731 arbore

357 3767 446 3829 patula
458 3773 504 3814 aiat
516 3766 549 3813 ad
568 3768 652 3813 rivum
674 3766 767 3814 leniter
786 3765 917 3815 labentem
937 3764 1103 3818 recumbens,
1116 3764 1195 3813 horae
1210 3765 1328 3826 negotiis
1339 3764 1375 3813 ab

358 3849 496 3897 laboriosis
506 3849 608 3897 deditas
619 3849 702 3897 laetus
714 3850 741 3896 in
754 3849 816 3896 rino
827 3862 972 3909 somnoque
984 3847 1065 3907 degit.
1100 3845 1181 3895 Militi
1201 3845 1268 3895 libet
1278 3861 1379 3895 munus

358 3914 467 3962 militiae
490 3914 628 3969 sustinere,
643 3918 669 3961 et
686 3916 762 3976 signo
784 3913 878 3976 proelii
895 3911 1076 3961 committendi
1096 3913 1167 3971 dato,
1179 3912 1208 3961 in
1225 3911 1335 3961 vulnera
1346 3928 1378 3961 ac

358 3981 409 4027 tela
416 3994 499 4038 ruere;
515 3979 640 4037 venatori,
649 3977 924 4041 frigoris,vigiliarum,
935 3978 1054 4026 laborum
1061 3977 1180 4040 patienti,
1189 3977 1270 4025 domo
1279 3981 1377 4025 atcom

357 4047 420 4109 J'uge
432 4045 539 4104 relictis,
554 4045 663 4107 vestigia
675 4045 715 4092 vel
727 4044 782 4107 apri
798 4045 839 4092 val
856 4045 925 4091 cervi
937 4044 1046 4092 canibus
1065 4042 1126 4091 filia
1143 4056 1270 4105 premere.
1308 4043 1378 4091 Mihi

359 4117 447 4158 autem
470 4111 521 4159 alia
537 4111 648 4172 placent,
668 4111 773 4173 quaesi
796 4108 833 4157 dii
856 4109 1010 4157 immortalia
1033 4107 1099 4156 mihi
1122 4107 1277 4168 concedant,
1296 4108 1377 4157 Ome

360 4176 475 4235 beatum,
490 4175 627 4225 Olaudem
641 4190 713 4223 meae
726 4176 792 4223 vitae
804 4175 977 4237 praeclaram!
1015 4175 1103 4222 Vcluti
1120 4174 1239 4237 antiquie
1249 4174 1376 4237 tempori-

360 4240 409 4289 bus
421 4242 539 4290 Bacchus
552 4246 623 4289 vates
636 4241 747 4289 movisse
758 4242 850 4299 fertur,
864 4240 960 4303 quibua
982 4239 1079 4287 hedera
1101 4241 1234 4288 coronatis
1255 4238 1285 4287 in
1301 4237 1378 4287 silvia

360 4312 474 4354 remotas
487 4306 520 4354 ab
533 4306 669 4354 homiuum
682 4304 764 4354 oculis
776 4305 906 4368 nymphae
918 4304 1051 4367 satyrique
1063 4303 1183 4352 comitari
1195 4303 1324 4361 solebant,
1339 4305 1379 4353 sic

361 4374 425 4420 mihi
438 4374 471 4420 ab
486 4372 578 4430 Musis,
593 4372 743 4434 praesertim
757 4386 823 4434 qnae
836 4371 951 4419 carmina
963 4370 1053 4418 Aeolia
1064 4370 1184 4427 doceant,
1197 4370 1235 4418 ita
1246 4370 1376 4428 faveatur,

359 4443 390 4486 ut
402 4443 429 4485 et
446 4443 474 4485 tu
497 4444 523 4485 et
546 4439 650 4499 posteri,
665 4438 808 4494 Maecenas,
823 4451 865 4483 me
886 4450 996 4483 numero
1018 4436 1159 4498 lyricorum
1183 4434 1310 4495 habeatis,
1325 4451 1381 4497 quo

360 4505 459 4551 honore
472 4508 586 4565 accepto,
603 4503 668 4550 nihil
685 4503 763 4551 altine
774 4507 813 4550 est
825 4517 878 4565 qno
891 4502 954 4549 mihi
966 4501 1104 4551 ascendere
1121 4500 1210 4551 libeat
1313 4501 1348 4549 R.

807 4617 821 4657 ό
