3334 4900
305 338 328 388 2
693 337 929 395 LATlNE.

303 531 370 570 ll—·¹
380 531 451 569 NON
463 529 676 570 IRRIDICULE.”

334 632 425 694 Scipio
437 632 531 680 Nasica
542 646 603 680 eum
615 632 647 680 ad
659 635 763 694 poetam
776 632 892 680 Ennium
904 633 1028 689 venisset,
1039 631 1118 693 eique
1129 629 1164 679 ab
1171 633 1241 681 ostio
1253 648 1327 696 qnae-

300 714 370 761 renti
383 714 500 762 Ennium
513 714 606 763 ancilla
617 711 726 762 dixisset
736 713 809 761 domi
821 728 875 761 non
887 728 960 774 οπεος
980 712 1074 763 Nasica
1085 714 1176 774 sensit,
1188 714 1261 763 illam
1273 716 1322 765 do·

301 793 367 841 mini
379 794 455 856 jussu
467 794 564 843 dixisse
575 794 687 842 stillum
699 793 772 842 intus
783 808 848 843 esse.
896 794 989 841 Paucis
1011 797 1072 855 post
1093 793 1199 854 diebus,
1213 810 1276 844 eum
1290 797 1326 844 ad

301 875 422 924 Nasicam
436 878 551 926 venisset
562 877 671 934 Ennius,
686 878 713 922 et
723 889 782 922 eum
795 889 809 923 a
820 877 900 938 janua
916 878 1054 937 quaereret,
1068 875 1196 925 exclamat
1219 877 1323 936 Nasica,

300 959 556 1008 sedominonesse.
590 959 659 1006 Tum
672 957 780 1012 llnnius.
808 957 913 1014 ‘Quid’
928 957 1026 1019 inquit,
1042 959 1322 1021 ‘egononeoguoscc

301 1042 511 1089 vocemtuuml¹
547 1041 598 1089 Hic
610 1039 709 1098 Nasica,
724 1039 870 1086 ‘Homces
886 1038 1044 1102 impudeus;
1074 1021 1197 1103 egoeum
1220 1055 1323 1104 quaera-

298 1135 364 1180 rem,
378 1123 480 1172 ancillis
492 1127 544 1170 tuae
555 1119 662 1181 credid,
676 1125 702 1169 te
713 1121 785 1169 domi
796 1135 851 1168 non
862 1135 939 1178 esse3
966 1124 996 1168 tu
1009 1121 1075 1170 mihi
1088 1137 1143 1170 non
1152 1122 1239 1171 eredis
1251 1123 1325 1186 ips'a’

304 1205 437 1252 -Cicerc

318 1325 340 1368 l.
362 1321 422 1379 Quo
439 1321 513 1368 venit
525 1320 615 1384 Scipio
626 1320 737 1368 Nasica?

317 1405 341 1450 ⁸2.
359 1403 452 1452 Scisne
463 1404 570 1466 quando
581 1403 614 1451 ad
625 1405 730 1466 poetam
743 1401 859 1450 Ennium
870 1401 984 1449 venerit?

316 1487 340 1534 3.
362 1485 449 1543 Quem
466 1485 609 1549 quaesivit?

316 1569 339 1615 4.
361 1566 417 1623 Qna
429 1568 461 1616 de
473 1581 585 1630 persona
595 1565 746 1630 quaesivit?

316 1653 339 1698 ἥ,
360 1649 418 1706 Quo
429 1649 463 1699 ub
474 1651 533 1698 loco
543 1649 695 1713 quaesivit?

315 1734 337 1779 6.
358 1732 429 1791 Quid
440 1732 535 1782 ancilla
552 1732 630 1781 dixitl

318 1819 339 1863 7.
361 1815 410 1864 cni
423 1815 450 1864 id
461 1815 540 1864 dixitt

317 1900 345 1946 8:
361 1898 457 1946 Fuitne
477 1897 580 1946 Ennius
590 1898 673 1945 domi?

315 1988 338 2041 9.
359 1984 454 2032 Nonne
466 1984 560 2032 Nasica
571 1985 653 2032 sensit
663 1983 739 2030 illum
751 1983 822 2030 intus
830 1985 901 2030 esse?

302 2076 339 2119 10.
361 2071 416 2120 Gur
425 2071 519 2120 ancilla
530 2070 598 2118 dixit
610 2069 724 2118 Ennium
735 2068 808 2116 domi
825 2083 879 2116 non
892 2071 963 2117 esset

301 2158 339 2201 11.
360 2153 455 2201 Nonne
467 2152 560 2201 Nasica
571 2153 653 2201 sensit
664 2151 734 2199 illam
745 2151 846 2199 demini
858 2153 934 2212 jussu
945 2151 1068 2200 dixissel'

301 2240 340 2283 12.
359 2235 504 2284 Volebatne
517 2235 619 2284 Ennius
630 2249 689 2282 cuni
702 2235 795 2284 Nasica
810 2235 896 2298 loquil

301 2323 339 2366 13.
359 2319 441 2366 Estne
451 2317 544 2366 Nasica
555 2331 585 2364 en
597 2321 715 2379 tempore
726 2331 785 2364 cnm
804 2317 891 2366 Ennio
902 2317 1024 2364 locutus?

300 2401 337 2449 ll.
357 2400 452 2449 Nonne
464 2399 554 2463 paucis
565 2404 625 2463 post
635 2398 728 2459 diebus
739 2399 771 2446 ad
782 2398 902 2448 Nasicam
916 2397 988 2446 venit
999 2398 1104 2448 Ennius
1114 2401 1126 2446 i

300 2487 337 2531 15.
357 2484 428 2542 Quot
447 2486 507 2546 post
518 2482 654 2531 diebusad
671 2482 789 2530 Nasicam
808 2482 893 2529 venit?

303 2568 338 2613 lc.
358 2566 452 2613 Nonne
468 2563 610 2628 quaesivit?

303 2656 340 2701 17.
362 2654 422 2710 Quo
434 2652 466 2701 ab
478 2652 537 2700 loco
550 2651 691 2714 quaesivit?

301 2739 338 2783 18.
360 2736 454 2783 Nonne
466 2736 596 2798 quaesivit
608 2738 694 2781 utrum
708 2734 800 2782 Nasica
811 2733 883 2780 domi
896 2736 972 2790 esset,
987 2734 1091 2779 necne?

303 2821 339 2865 19.
360 2818 426 2875 Quis
443 2816 592 2864 exclamat?

301 2904 339 2947 20.
361 2898 428 2955 Quid
441 2899 570 2947 exclamat
588 2898 701 2947 Nasica?

299 2992 338 3034 2²1.
357 2987 529 3035 Exclamatne
541 2985 587 3033 ubi
598 2986 655 3048 ipse
674 2987 709 3033 sit
721 2985 830 3033 Nasical

300 3073 339 3117 22.
361 3069 431 3127 Quid
443 3068 580 3132 respondit·
598 3068 719 3115 Ennius?

299 3156 339 3200 23.
360 3152 454 3200 Nonne
466 3151 568 3199 Ennius
578 3149 702 3212 cognovit
712 3164 803 3197 vocem
820 3149 949 3197 Nasicae?

300 3243 339 3288 24.
360 3240 454 3287 Nonne
466 3238 544 3287 scivit
555 3238 674 3285 Nasicam
687 3237 757 3284 domi
770 3239 848 3285 esse?

299 3326 339 3371 ⁶25.
361 3324 429 3381 Quid
444 3322 541 3369 deinde
554 3320 647 3368 Nasica
658 3318 746 3367 dixit?

260 3404 261 3409 ’
299 3413 339 3457 26.
361 3410 456 3457 Nonne
467 3422 527 3455 eum
541 3404 681 3469 appellavit
692 3406 824 3453 hominem
838 3406 1032 3468 impudentem?

299 3499 338 3543 27.
359 3496 454 3542 Nonne
467 3494 559 3541 Nasica
570 3492 637 3540 dixit
648 3504 675 3539 se
686 3506 745 3539 cum
758 3492 902 3554 quaesisset
918 3494 1027 3541 ancillae
1045 3494 1125 3542 Ennii
1137 3494 1303 3544 credidisset

299 3581 338 3625 28.
359 3577 546 3625 Credideratne
559 3574 651 3621 Nasica
664 3573 779 3621 Ennium
793 3572 866 3621 domi
883 3589 936 3623 non
949 3578 1025 3625 ease?

299 3664 338 3706 29.
357 3658 510 3707 Crediditne
520 3657 623 3705 Ennius
634 3656 741 3705 Nasicae
752 3656 851 3704 dicenti
863 3672 891 3705 se
902 3658 974 3705 domi
987 3673 1041 3706 non
1052 3660 1129 3707 assei

298 3746 331 3788 30
358 3741 452 3787 Nonne
465 3738 567 3787 Ennius
578 3738 711 3787 incusatus
722 3743 762 3786 est
773 3740 844 3801 quod
856 3739 965 3787 Nasicae
977 3740 1028 3803 ipsi
1040 3754 1095 3789 non
1112 3740 1284 3789 credidisset?

297 3832 336 3879 31.
358 3826 451 3876 Nonne
463 3826 556 3873 Nasica
563 3839 623 3872 eum
635 3824 764 3873 incusavit
774 3825 984 3873 incredulitatis?

216 4037 218 4042 ·
303 4013 543 4053 (ll-HORRJBJLE
557 4010 666 4049 DICTU!

362 4116 426 4165 Erat
436 4113 547 4163 Athenis
566 4112 679 4175 spatiosa
701 4115 728 4158 et
746 4124 826 4173 capax
847 4111 951 4173 domus,
964 4113 1012 4161 sed
1023 4114 1133 4161 infamis
1143 4116 1171 4161 et
1182 4114 1319 4176 pestilens<

295 4214 343 4262 per
354 4198 489 4246 silentium
503 4196 587 4243 noctis
598 4208 678 4242 sonus
690 4194 761 4250 feni,
775 4197 811 4248 et,
823 4194 845 4241 si
857 4194 1005 4243 attenderes
1015 4195 1110 4254 sonus,
1124 4195 1253 4257 strepitus
1263 4196 1323 4243 vin-

296 4282 426 4337 culorum,
441 4279 545 4341 longius
557 4278 650 4341 primo,
664 4276 758 4323 deinde
770 4290 784 4322 e
795 4275 926 4338 proximo,
940 4276 1109 4325 reddebatur.

316 4366 336 4413 1.
359 4364 412 4413 Ubi
424 4367 487 4411 sunt
503 4362 630 4409 Athenae?

313 4452 328 4495 ‘2
355 4448 425 4506 Quid
437 4446 504 4493 dicit
514 4444 616 4493 Plinius
630 4442 738 4491 Athenis
751 4442 851 4491 fuisse!
