3334 4900
740 363 983 414 LATINE.
1342 367 1365 415 Β

336 582 400 630 egro
413 581 501 630 neque
514 567 579 614 haec
590 568 757 615 consuetudo
767 567 854 616 victus
864 582 922 614 eum
936 569 980 616 illu
991 568 1162 630 comparanda
1174 574 1223 618 est.
1254 571 1369 618 Ariovis-

335 654 380 697 tus
392 655 479 698 autem
493 653 522 697 ut
534 649 615 696 semel
628 649 764 698 Gallorum
775 651 866 712 copias
878 651 975 712 proelis
987 651 1058 708 vicit,
1071 652 1141 713 quod
1164 652 1289 714 proelium
1313 655 1366 700 fac-

335 737 391 779 tum
404 735 445 780 est
456 730 490 780 ad
501 731 706 794 Megetobn'am‚
720 732 834 794 superbe
846 737 874 780 et
884 733 1026 782 crudeliter
1037 735 1153 796 imperat,
1166 734 1273 784 obsides
1284 735 1369 784 nobil-

335 814 419 862 issimi
431 815 564 877 cujusque
576 814 676 862 liberos
687 815 781 876 poscis,
796 819 823 862 et
840 815 869 862 in
886 829 932 863 eos
951 818 1038 864 omnia
1049 817 1166 880 exempla
1184 818 1368 881 cruciatusque

335 896 392 944 edit
403 899 426 945 si
439 911 492 960 qua
503 911 546 945 res
558 911 613 944 non
625 897 659 944 ad
671 901 765 945 nutum
777 899 867 945 autad
880 898 1039 946 voluntatem
1049 902 1106 961 ejus
1117 901 1186 948 facte
1196 901 1242 949 sit.
1281 902 1367 949 Homo

335 984 378 1028 est
389 979 528 1034 barbarus.
541 979 694 1038 iracundus,
704 980 880 1028 'temermiusz
902 995 955 1028 non
967 985 1054 1044 potest
1071 984 1129 1044 ejus
1147 981 1255 1044 imperia
1266 983 1368 1032 diutius

336 1060 481 1110 sustinere.
520 1061 579 1108 Nisi
591 1047 691 1123 siquid
703 1063 731 1109 in
744 1061 855 1110 Caesare
867 1062 1019 1126 populoque
1031 1064 1147 1112 Romano
1159 1065 1194 1113 sit
1204 1066 1303 1126 auxilii,
1315 1081 1368 1113 om-

335 1143 417 1193 nibus
429 1142 514 1192 Gallis
527 1142 595 1191 idem
608 1147 650 1192 est
666 1144 816 1191 faciendum
836 1144 909 1206 quod
921 1145 1035 1192 Helvetii
1047 1147 1165 1194 fecerunt
1178 1153 1206 1194 ut
1217 1147 1294 1195 domo
1306 1150 1370 1196 emi-

336 1229 426 1290 grent,
438 1225 511 1274 aliud
522 1225 696 1285 domicilium,
711 1225 776 1274 alius
796 1226 880 1285 sedes,
894 1231 1007 1276 remotas
1017 1242 1032 1276 e
1043 1227 1189 1284 Germanis.
1201 1234 1302 1292 petant.
1315 1232 1370 1278 for-

335 1314 492 1372 tunamque,
515 1323 701 1372 quaecumque
712 1309 819 1368 eccidit,
833 1310 1012 1372 experiantur.
1050 1311 1121 1358 Haec
1132 1312 1154 1360 ei
1165 1312 1300 1360 enuntiata
1312 1315 1370 1362 Ari-

335 1392 426 1441 ovisto
444 1391 507 1451 sint,
521 1406 577 1440 non
595 1391 691 1440 dubito
714 1392 782 1454 quin
799 1392 831 1440 de
849 1392 973 1442 omnibus
989 1393 1134 1451 obsidibus,
1147 1397 1194 1457 qui
1216 1396 1284 1458 apud
1308 1411 1367 1444 eum

245 1535 246 1539 Ἰ
335 1475 400 1534 sint,
414 1473 598 1538 gravissimum
616 1473 775 1536 supplicium
787 1478 881 1522 sumat„
915 1475 966 1527 Tu.
978 1476 1082 1531 Caesar.
1099 1476 1140 1523 vel
1157 1477 1312 1525 auctoritate
1323 1484 1369 1526 tua

335 1561 418 1620 atque
430 1557 571 1615 exercitus,
586 1556 629 1603 vel
637 1557 738 1604 recenti
750 1556 869 1616 victoria,
881 1557 923 1605 vel
934 1557 1039 1605 nomine
1050 1558 1140 1620 populi
1153 1559 1272 1617 Romani,
1283 1559 1369 1608 deter-

336 1654 364 1687 re
377 1643 463 1702 potes,
477 1652 512 1687 ne
521 1639 607 1700 major
616 1637 758 1686 multitudo
770 1638 961 1688 Germanorum
974 1641 1092 1688 Rhenum
1105 1641 1292 1701 transductum,
1307 1642 1369 1692 Gal.

336 1727 451 1790 liamque
462 1739 567 1774 omnem
579 1725 709 1773 Ariovisti
720 1725 820 1788 injuria
831 1730 909 1782 potes
919 1726 1070 1776 defendere.

404 1911 488 1960 Estne
500 1905 623 1958 futurum
636 1909 729 1972 paucis
741 1909 826 1969 annis,
854 1909 893 1957 uti
905 1925 997 1959 omnes
1016 1925 1048 1958 er
1060 1910 1159 1959 Galliae
1176 1911 1273 1959 finibus
1296 1911 1361 1974 pell-

470 2001 550 2045 antur
562 2000 644 2058 atque
656 2011 750 2044 omnes
763 1996 890 2044 Germani
904 1997 1024 2045 Rhenum
1038 2000 1188 2046 transeant?

403 2080 501 2128 Nonne
513 2078 665 2128 Divitiacus
676 2079 748 2127 dixit
759 2081 878 2126 futurum
892 2094 949 2127 esse
961 2080 1051 2142 paneis
1074 2081 1158 2136 anuis,
1182 2082 1220 2128 uti
1232 2095 1323 2128 omnes
1335 2095 1367 2128 ex

472 2161 575 2210 Galliae
587 2162 689 2210 finibus
701 2162 865 2224 pellerentur
874 2167 953 2223 atque
961 2178 1053 2211 omnes
1063 2163 1186 2211 Germani
1197 2166 1355 2211 transirent?

404 2246 476 2294 Num
490 2249 530 2294 eet
542 2243 663 2293 Gallicus
676 2259 736 2292 cum
760 2245 953 2292 Germanorum
971 2260 1033 2307 egro
1051 2248 1224 2293 conferendus
1241 2251 1286 2293 aut
1303 2246 1367 2293 haec

473 2327 640 2376 consuetudo
653 2327 741 2374 victus
753 2341 813 2374 cum
827 2326 872 2374 ille
885 2326 1077 2389 comparanda?

405 2409 503 2459 Nonne
516 2408 670 2459 Ariovistus
682 2408 820 2457 Gallorum
833 2409 923 2472 copias
937 2411 1035 2472 proelio
1049 2409 1129 2458 vicit?

405 2492 503 2541 Nonne
515 2492 566 2540 hoc
578 2492 711 2555 proelium
726 2492 964 2555 Admagetobrigae
982 2503 1020 2539 est
1032 2494 1141 2540 iactum?

402 2574 499 2623 Nonne
512 2574 663 2623 Ariovistus
675 2573 789 2637 superbe
801 2578 827 2621 et
839 2574 980 2622 cuideliter
991 2575 1101 2636 imperat
1112 2575 1216 2622 obsides
1233 2575 1366 2624 nobilissi-

472 2671 531 2706 mos
543 2660 674 2721 cujusque
686 2657 784 2706 liberos
797 2657 893 2719 possiti

405 2742 503 2790 Nonne
514 2740 559 2789 ille
572 2742 600 2789 in
613 2741 722 2789 obsides
734 2740 825 2789 omnia
843 2740 963 2801 exempla
985 2741 1164 2801 emeiatusque
1191 2741 1245 2788 edit
1268 2740 1290 2789 si
1314 2756 1366 2802 qua

473 2837 584 2872 resnou
596 2824 629 2871 ad
642 2827 737 2870 nutum
749 2827 796 2870 sut
808 2822 841 2869 ad
853 2821 1014 2870 voluntatem
1027 2824 1084 2884 ejus
1101 2824 1237 2870 recteest?

407 2908 497 2955 Homo
509 2909 550 2955 est
561 2905 699 2965 barbarus,
714 2905 865 2963 iracundus,
881 2904 1050 2953 temerarius:
1079 2905 1254 2967 intelligisne?

407 2989 503 3039 Nonne
514 2988 666 3038 Diuitiaene
677 2988 761 3037 dicit?
797 2990 812 3012 “
824 2989 883 3036 Non
896 3002 1037 3049 possumus
1054 2990 1111 3047 ejus
1133 2988 1243 3051 imperia
1266 2990 1366 3041 ‹liutu-

471 3076 647 3126 sustinerel”

406 3160 490 3209 Estne
502 3159 618 3207 multum
632 3156 661 3206 in
673 3158 784 3207 Caesare
796 3156 949 3219 populoque
967 3158 1086 3204 Romano
1098 3157 1203 3205 auxilii?

409 3282 506 3330 Nonne
518 3278 646 3327 omnibus
658 3277 743 3328 Gallis
755 3277 857 3339 aliquid
868 3280 909 3324 eet
924 3277 1093 3324 iaciendum?

407 3364 504 3413 Nonne
516 3362 635 3410 Helvetii
648 3360 729 3410 domo
741 3361 960 3423 emigraverunt?

405 3451 502 3499 Nonne
514 3448 566 3497 nisi
580 3448 679 3511 siquid
691 3450 719 3496 in
731 3448 842 3497 Geesere
855 3446 1004 3510 populoque
1018 3448 1136 3495 Romano
1148 3447 1182 3495 sit
1199 3449 1288 3496 auxilii
1313 3464 1370 3497 om-

472 3536 553 3585 nibus
566 3536 651 3585 Gallis
664 3536 735 3585 idem
749 3541 789 3584 est
801 3534 953 3583 iaciendum
965 3537 1034 3597 quod
1049 3536 1160 3583 Heluetii
1183 3538 1311 3587 feceruut.
1338 3544 1366 3585 ut

475 3620 555 3669 demo
579 3621 719 3682 emigrent,
745 3619 817 3667 aliud
841 3618 1012 3674 domicilium.
1037 3618 1100 3665 alias
1122 3619 1195 3666 sedes
1218 3628 1330 3667 remotas
1354 3635 1368 3669 a

474 3702 617 3751 Germania
629 3706 729 3765 petant,
745 3704 934 3763 fortunamque
946 3702 1054 3760 accidat,
1070 3703 1254 3763 experimur?

408 3788 664 3837 Enuntiabuuturne
676 3790 740 3837 haec
755 3789 904 3837 Ariovisto?

408 3873 504 3921 Nonne
516 3872 581 3919 haec
593 3872 615 3920 si
629 3874 766 3920 enuntiata
779 3872 911 3919 Ariovisto
923 3871 984 3930 siut,
998 3874 1029 3919 (le
1042 3872 1163 3919 erunibus
1175 3872 1311 3920 obsidibus
1323 3875 1367 3935 qui

476 3954 547 4015 apud
559 3969 621 4002 eum
635 3959 699 4002 sunt
711 3954 897 4017 gravissimum
909 3954 1067 4016 supplicium
1080 3957 1180 4002 sumet?

408 4040 558 4090 Dubitetne
570 4040 729 4099 Diuitiaene,
755 4040 819 4088 haec
830 4042 852 4087 si
871 4045 1007 4088 enuntiata
1020 4042 1149 4089 Ariouisto
1171 4042 1233 4099 siut,
1255 4042 1320 4104 quiu
1334 4044 1366 4090 de

474 4127 603 4177 omnibus
613 4127 755 4177 obsidibus
766 4128 813 4191 qui
826 4129 897 4189 apud
908 4143 968 4175 eum
981 4130 1033 4177 siut
1049 4129 1231 4191 gravissimum
1243 4129 1372 4192 supplici-

476 4224 522 4259 um
535 4212 642 4259 sumati

406 4294 505 4343 Nonne
517 4292 667 4342 Divitiaous
679 4293 759 4341 dicit:
798 4296 817 4317 “
827 4294 898 4340 llaec
910 4295 932 4340 si
944 4294 1080 4341 enuntiata
1093 4293 1222 4341 Ariovisto
1235 4294 1297 4349 sint.
1313 4310 1368 4343 non

476 4376 572 4423 dubito
583 4377 651 4438 quin
663 4376 696 4423 de
707 4376 835 4424 omnibus
846 4376 986 4424 obsidibus
998 4378 1043 4440 qui
1055 4377 1125 4439 apud
1144 4392 1204 4424 eum
1227 4378 1288 4436 siut,
1313 4392 1372 4440 gra·

473 4458 615 4508 vissimum
628 4460 790 4522 supplicium
804 4463 910 4508 sumet?
921 4462 934 4480 '¹
