3334 4900
769 414 1020 489 Lurius..
1371 415 1392 464 7

436 639 466 688 P.
486 639 570 688 Erant
592 640 646 690 ΧΠ
668 639 774 688 tebulue
797 641 887 704 legum
912 640 1099 690 llomenarum.
1143 642 1257 690 Potesne
1286 641 1395 689 recitare

534 721 705 784 Deculogum.

436 804 465 852 F.
486 804 608 854 Possum.
645 805 749 854 eudi-
852 815 859 831 ··

570 886 650 936 “Non
661 885 772 935 hebebis
784 887 849 935 deos
861 886 961 935 elienos
973 901 1060 935 coram
1072 888 1140 946 me,”
1152 892 1211 936 et-

387 965 391 974 '
435 967 466 1016 P.
487 965 582 1017 Oredo.
602 968 695 1030 Itaque
713 968 790 1031 pueri
802 969 917 1017 Romani
927 967 1065 1017 discebant
1075 969 1146 1032 leges
1154 969 1293 1018 Romanas.

436 1049 466 1098 F.
487 1049 605 1098 Erentne
617 1048 808 1099 oboedientesi
1420 1087 1423 1092 -

436 1131 466 1180 P.
488 1130 714 1192 obedientissimi.
743 1131 782 1180 Ile
794 1131 827 1180 de
839 1145 918 1180 cauea
929 1132 1015 1180 Rome
1025 1135 1081 1180 eret
1090 1135 1218 1180 terrarum
1231 1133 1392 1196 imperatrix.

435 1214 466 1262 P.
484 1213 579 1263 Nonne
592 1213 668 1276 pueri
680 1213 752 1264 dicte
762 1213 895 1263 clerorum
907 1215 1024 1263 virorum
1036 1218 1067 1264 et
1077 1214 1174 1265 electos
1183 1229 1217 1264 ex
1223 1215 1309 1280 poetis
1320 1216 1392 1276 locos

536 1294 696 1346 discebant?

436 1395 467 1445 P.
486 1394 519 1444 ld
530 1394 631 1444 indicet
644 1394 778 1457 Horruits,
791 1398 819 1444 et
834 1394 1013 1454 Quintilium
1030 1409 1085 1444 rem
1102 1396 1304 1446 commendavit.

436 1495 466 1544 F.
485 1494 569 1544 Aldus
581 1495 722 1544 confirmet
733 1494 760 1543 id
770 1494 867 1543 melius
877 1509 935 1544 esse
946 1509 1026 1558 quem
1038 1495 1133 1545 multos
1145 1496 1247 1564 regulas
1257 1502 1397 1558 gremmat-

536 1579 590 1627 ices
601 1578 725 1628 ediscere.
761 1577 815 1628 Sed
831 1583 941 1628 tenesne
953 1579 1080 1628 memorie
1089 1593 1187 1630 nomen
1198 1579 1310 1644 alicujus
1321 1594 1395 1644 pree-

536 1661 651 1724 ceptor-is
662 1658 744 1709 clarii

437 1760 467 1808 P.
488 1759 579 1810 Liuius
592 1759 766 1816 Andronicus.
778 1762 806 1809 et
819 1759 921 1808 Ennius
933 1759 1059 1824 praeclui
1068 1764 1150 1810 eraut
1177 1760 1313 1810 Docebent
1324 1775 1397 1824 grae-

534 1855 566 1890 ca
588 1841 737 1906 Latineque
764 1841 857 1905 lingue
886 1842 1020 1902 (Smoeio
1047 1847 1137 1905 teste.)
1162 1843 1263 1892 Ennius
1291 1843 1397 1908 scripsit

535 1929 568 1978 de
580 1927 664 1978 literis
676 1927 838 1993 syllabisque
849 1928 917 1978 dnos
928 1928 1018 1980 libros.

371 2269 482 2309 ALDUS
495 2269 540 2308 DE
554 2269 594 2308 ΚΑ
604 2269 702 2309 TIONE
717 2269 858 2309 GRAMMA
868 2268 962 2309 TIOAE
976 2269 1196 2310 INSTITUENDA
1202 2271 1230 2310 E.

500 2368 569 2408 Aldus
578 2368 602 2409 P.
613 2369 730 2409 lienvtlvs
740 2369 864 2416 Romenvs,
875 2369 970 2409 litereril
980 2370 1152 2420 ludimagistris
1165 2371 1186 2411 S.
1196 2371 1220 2410 P.
1231 2372 1256 2410 D.

713 2471 1055 2500 *sstttt

428 2559 557 2619 Alterum,
568 2557 641 2622 qnod
649 2572 698 2607 vos
707 2559 861 2608 meminisse
868 2558 959 2620 velim,
968 2562 1009 2608 est
1017 2558 1116 2623 nequid
1125 2559 1177 2609 nisi
1187 2561 1397 2611 doctissimorum

371 2641 515 2690 enthorum
520 2640 637 2691 ediscere
644 2642 746 2703 cogetis
751 2641 1097 2702 odolescentidosimmone
1105 2643 1399 2708 grammeticeequidem

372 2724 487 2787 regulus,
499 2722 551 2773 uisi
563 2723 721 2787 compendio
732 2723 864 2788 quaedam
874 2724 1037 2787 brevissime,
1047 2739 1114 2789 quae
1124 2727 1207 2775 teucri
1216 2725 1293 2775 facile
1300 2740 1399 2775 memo·

342 2800 346 2807 '
372 2805 528 2869 ricqueent,
541 2804 621 2856 laudo
632 2820 679 2855 eos
689 2805 816 2868 ediscere,
829 2807 878 2857 sed
890 2810 993 2855 tentum
1011 2811 1042 2856 ut
1062 2807 1120 2857 illae
1141 2807 1254 2869 assidue,
1268 2803 1416 2857 eccurete·'

372 2902 425 2951 que
436 2888 534 2952 legent,
548 2888 711 2951 nomineque
721 2890 749 2937 et
761 2887 843 2938 verbe
861 2887 994 2939 declinere
1016 2891 1117 2953 optime
1128 2890 1219 2939 sciant
1254 2890 1321 2940 Nem
1332 2890 1397 2939 dum

372 2969 571 3020 lucubrationes
582 2984 738 3020 numerosus
747 2970 792 3019 vel
802 2970 928 3031 carmine,
940 2971 983 3019 vel
994 2985 1071 3035 prose
1078 2971 1206 3029 cretione,
1215 2972 1294 3021 etiem
1301 2973 1335 3021 de
1344 2978 1399 3021 arie

371 3052 558 3103 commendere
570 3055 714 3102 memorlee
726 3066 773 3103 eos
784 3052 915 3115 cogimus,
929 3066 1056 3114 erremus,
1078 3058 1121 3116 (ut
1132 3054 1197 3103 mibi
1209 3054 1316 3118 quidem
1328 3056 1402 3104 vide-

372 3136 429 3197 tur)
441 3134 535 3185 multis
553 3134 649 3185 modis.
682 3134 805 3185 Primum
828 3136 903 3199 quod
925 3149 994 3199 quae
1005 3150 1108 3185 summo
1119 3136 1208 3185 labore
1224 3137 1396 3197 edidicerunt,

372 3217 514 3269 dedissunt
523 3219 616 3283 poucis
627 3216 729 3267 diebus.
766 3216 844 3275 Quod
855 3232 907 3282 ego
918 3223 946 3268 et
956 3233 1023 3282 puer
1031 3218 1103 3280 olim,
1118 3222 1145 3267 et
1154 3220 1270 3282 juvenis,
1277 3234 1398 3284 compos-

371 3306 418 3355 itis
429 3306 509 3356 etiem
521 3318 536 3355 e
547 3320 591 3355 me
602 3304 701 3369 regulis
713 3319 773 3355 sum
785 3318 864 3369 eeepe
875 3309 1011 3368 expertus.
1048 3306 1115 3355 Nem
1125 3320 1186 3355 cum
1199 3321 1325 3370 generum
1336 3320 1396 3367 reg·

372 3389 439 3448 ules,
452 3387 688 3463 proeteritorumve
700 3402 804 3439 summe
814 3402 879 3437 cure
888 3388 1032 3438 memoriae
1043 3390 1208 3439 mundassem
1218 3389 1341 3454 perbrevi
1353 3404 1397 3438 ees

372 3475 558 3526 obliviscebar.

438 3579 513 3629 Idem
525 3579 621 3629 ceteris
630 3594 737 3644 quoque
748 3578 856 3631 evenire
867 3579 998 3630 existimo.
1028 3580 1165 3629 Praetereo
1176 3580 1328 3630 difficultate
1339 3585 1398 3629 tum

372 3662 497 3712 meterius
509 3666 567 3711 tum
578 3662 650 3725 styli,
663 3677 695 3711 eo
718 3662 913 3727 desperationis
935 3662 1046 3711 veniunt
1065 3667 1097 3711 ut
1112 3667 1139 3710 et
1149 3662 1259 3723 scholas
1274 3667 1302 3711 et
1312 3663 1402 3713 litores

371 3744 487 3807 fugient,
500 3748 528 3794 et
538 3742 706 3808 studie.quae
718 3758 807 3793 amere
818 3745 938 3793 nondum
946 3748 1066 3808 possunt,
1077 3744 1190 3793 menime
1201 3746 1312 3793 oderisi.
1327 3746 1397 3794 Tem

371 3841 404 3876 eo
416 3827 476 3891 ipso
487 3829 617 3891 tempore,
630 3841 684 3890 quo
695 3832 787 3877 nostre
798 3826 930 3887 ediscunt,
938 3826 1043 3876 facilius
1054 3826 1199 3891 meliusque
1210 3827 1251 3876 vel
1263 3827 1398 3877 ciceronis

371 3918 481 3981 aliquid,
493 3918 536 3967 vel
549 3917 664 3981 Virgilii,
688 3918 835 3967 aliorumve
857 3918 1000 3966 illustrium
1023 3920 1132 3981 possent
1151 3918 1275 3978 ediscere,
1293 3917 1398 3968 elimet

372 4000 461 4050 decori
471 4004 498 4049 et
510 4000 651 4050 commodo
662 3999 716 4050 illis
726 4013 783 4049 non
794 3998 922 4048 mediocri
933 4001 1054 4048 futurum
1086 4002 1101 4031 ⁸
1133 4001 1148 4031 ·
1181 4001 1196 4031 ·
1228 3999 1357 4064 Optimos,
1372 4005 1401 4049 et

344 4108 348 4116 ·
371 4089 470 4149 stetim,
483 4090 511 4137 et
521 4100 627 4151 semper
635 4086 764 4151 legendos
774 4090 853 4151 putet
864 4085 1053 4146 Quintilianus,
1067 4090 1146 4151 etque
1157 4100 1248 4136 eorum
1264 4087 1397 4137 candidis·

371 4174 456 4224 imum
469 4187 603 4239 quemque
614 4177 642 4223 et
652 4174 767 4223 mexhne
778 4173 935 4237 expolitum.
970 4174 1038 4223 'lum
1052 4174 1085 4223 de
1096 4174 1222 4223 Cicerone
1238 4174 1277 4223 sic
1299 4174 1395 4239 inquit.

372 4256 466 4307 Cicero
477 4257 521 4318 (ut
531 4255 598 4305 mihi
610 4255 721 4320 quidem
732 4254 851 4316 videtur)
866 4259 893 4304 et
903 4256 1037 4318 J’uoundus
1048 4256 1237 4319 incipientibus
1252 4270 1359 4321 quoque
1371 4262 1400 4306 et

372 4344 479 4405 apertus
490 4343 533 4389 eet
542 4338 607 4389 satis
618 4353 667 4388 nec
677 4339 804 4402 prodesse
815 4342 921 4399 tentum
932 4340 980 4390 sed
991 4340 1070 4388 etium
1082 4339 1163 4389 amari
1175 4344 1272 4403 potest.

436 4442 564 4501 venetiis,
579 4442 672 4492 Mense
685 4441 805 4505 Octobri,
819 4456 913 4493 rrum.
