3334 4900
337 377 361 426 2

725 375 965 426 LATINE.

358 498 1095 508 .-———-——-——-.———-—-—-—-
1102 497 1359 504 -—..-—.--.-..-—.

370 585 398 630 f.
420 583 479 630 Hoc
496 582 581 631 video.
618 582 670 631 Sed
681 582 747 645 quid
764 583 831 632 iscis
845 584 930 632 adhue
941 584 970 631 in
981 583 1066 631 lecto?

370 667 399 714 C.
407 665 492 723 eQuid
503 665 620 714 {emenii
652 667 774 714 Dormio.

371 749 399 796 F.
421 748 546 797 Dormis?
563 749 597 796 Et
608 747 725 814 loqueris
735 753 824 797 tamen
842 749 960 796 meeum?

370 831 399 880 C.
418 830 518 879 Saliem
530 830 591 879 volo
602 831 727 880 dormire.

372 919 400 966 F.
420 919 497 967 Nune
508 923 597 968 sulem
610 933 665 966 non
674 923 715 967 est
726 922 832 982 tempus
842 915 1002 976 dormiendi,
1016 915 1064 964 sed
1080 916 1215 981 surgendi.

370 1001 400 1050 C.
420 1002 509 1060 Quots
520 1006 561 1050 esi
572 1002 650 1050 horsi

372 1085 401 1134 F.
421 1085 552 1134 Secunde,

373 1167 403 1216 C.
424 1167 537 1226 Quando
548 1171 579 1215 tu
591 1167 728 1216 surrexisti
740 1181 754 1214 e
766 1167 847 1214 lecto?

374 1250 402 1298 F.
422 1249 484 1298 Jam
495 1253 556 1298 ente
565 1249 632 1298 duas
640 1249 725 1298 hores.

374 1331 405 1379 C.
423 1331 495 1380 Num
506 1319 610 1380 sorores
622 1345 695 1380 mese
717 1331 771 1392 jem
792 1333 974 1380 surrexerunt?

375 1420 406 1466 F.
423 1420 485 1468 Jsm
496 1419 610 1482 pridem.

376 1505 405 1553 C.
427 1505 479 1554 Sed
491 1507 574 1555 freter
585 1519 662 1554 meus
673 1509 743 1555 cerie
754 1505 839 1555 adhue
849 1508 919 1568 jacet
934 1507 963 1554 in
974 1506 1054 1554 lecto?

379 1588 407 1635 F.
428 1587 514 1644 Erras
546 1587 613 1638 cum
626 1589 854 1651 expergefacerem
866 1602 936 1647 eum,
950 1588 1041 1636 entim
1052 1588 1162 1651 reliquii
1173 1588 1267 1636 nidum
1276 1603 1366 1638 suum.

376 1674 398 1722 C
427 1675 490 1724 Mox
506 1674 588 1738 igitur
598 1689 713 1736 surgam.

407 1963 493 2012 Hodie
502 1961 581 2011 nobis
591 1965 632 2010 esi
641 1961 769 2024 dinlogua

407 2047 465 2094 Hoc
477 2048 504 2093 in
516 2044 621 2106 dialogo
633 2049 698 2106 quoi
707 2044 782 2106 pueri
793 2043 894 2091 dicenti
911 2043 1032 2106 [dicunt]

407 2127 548 2186 Quomodo
560 2127 685 2190 appellati
696 2130 758 2174 suut
769 2126 796 2175 hi
807 2126 894 2189 pueri!

408 2211 476 2269 Quis
486 2210 590 2274 primus
606 2209 684 2258 dicit?

407 2294 479 2354 Quid
490 2293 578 2356 inquii
589 2292 755 2342 Frederisus?

409 2377 527 2427 Audiens
539 2376 604 2440 quid
615 2375 696 2424 dieail

411 2465 521 2516 carolus
532 2464 643 2525 audivit,
662 2467 763 2513 nonne?

410 2550 464 2600 sed
478 2548 666 2608 “nonaudio,”
684 2549 779 2611 inquii.

410 2634 492 2682 Estne
505 2630 613 2681 Carolus
631 2630 735 2679 beetued
769 2632 891 2679 lrriiutus
902 2637 929 2680 et
942 2637 1059 2692 vexatus,
1079 2636 1181 2682 nonne?

412 2718 494 2765 Estne
503 2717 638 2777 ingreium
649 2714 713 2762 haee
725 2713 804 2763 verba
816 2714 905 2763 audire
917 2730 923 2760 ι
961 2717 979 2740 “
987 2716 1105 2779 Tempus
1116 2722 1158 2765 est
1174 2718 1298 2780 surgere?
1308 2718 1323 2739 ”

412 2806 524 2865 Quando
536 2805 715 2867 expergiscere
733 2803 814 2867 [ris]?
848 2806 915 2853 Cum
928 2806 1095 2867 primaluoe?
1128 2807 1214 2855 Multo
1225 2808 1281 2855 diei

414 2893 553 2951 Quomodo
564 2893 696 2940 audimus?
729 2892 823 2939 Nonne
842 2893 950 2940 nuribus
963 2893 1047 2952 sudis,
1059 2893 1145 2942 oculis
1156 2893 1242 2941 rides?

414 2960 466 3008 Ubi
478 2962 554 3006 erunt
565 2957 653 3006 Guroli
665 2959 753 3005 sures?

413 3041 484 3099 Quid
495 3039 610 3088 faciebat
622 3040 649 3087 iu
661 3039 742 3087 leeioi

415 3124 522 3185 inquii:
556 3120 712 3181 “Dormio‚”
725 3124 824 3170 nonne?

415 3214 527 3263 Potesne
539 3214 655 3261 dormire
666 3217 693 3261 et
706 3212 793 3260 disere
811 3213 1015 3277 [respondereli

416 3300 487 3347 Dum
500 3296 608 3356 dormis,
622 3295 771 3358 loquer-isne
789 3299 916 3359 unqnsmi

415 3379 586 3444 loquebatne
599 3378 719 3427 Carolus?

417 3464 486 3513 Num
500 3476 589 3511 seeum
602 3462 738 3524 loquebet?
771 3462 903 3520 Quocum?

418 3547 499 3595 Visne
511 3549 592 3594 noctu
603 3545 730 3593 dormire?

415 3630 531 3691 Tempus
553 3632 610 3676 erat
633 3642 741 3690 surgere
753 3628 800 3677 sed
822 3629 934 3679 Carolus
944 3628 1061 3677 dormire
1074 3627 1186 3676 volebat.
1224 3628 1325 3676 dixitne
1336 3648 1379 3679 :-

489 3720 505 3743 “
516 3717 615 3765 Saltem
629 3717 688 3764 volo
700 3716 828 3765 dormire?
836 3719 849 3737 ''

419 3799 574 3849 Fredericus
585 3814 646 3847 eum
657 3814 763 3862 surgere
776 3799 888 3857 volebat,
903 3801 1002 3846 nonne?

420 3883 530 3933 Carolus
542 3897 649 3946 surgere
660 3880 767 3930 uolebat
778 3884 877 3929 nonnel

420 3969 559 4017 Fredeneo
572 3968 664 4017 nolent
675 3969 787 4026 volente,
802 3966 917 4028 Carolus,
940 3968 981 4017 vel
993 3970 1078 4031 prime
1090 3969 1157 4028 luce,
1173 3969 1213 4016 vel
1230 3970 1313 4017 multo
1324 3968 1378 4030 die,

486 4058 543 4104 vuli
554 4056 668 4104 dormire
680 4057 779 4103 nonne?
812 4056 923 4104 Carolus
934 4056 991 4104 vult
1003 4056 1118 4104 dormire
1130 4056 1237 4104 sellem?

420 4140 491 4198 Quid
503 4139 641 4202 respondit
652 4138 816 4187 Frederieus?

421 4227 508 4285 Quota
520 4231 576 4274 erat
587 4226 663 4274 hora?
696 4226 773 4275 Nune
790 4230 870 4288 quoia
881 4231 921 4275 eet
932 4228 1010 4277 hora?

421 4316 516 4364 Nonne
529 4313 599 4376 apud
613 4315 746 4361 Romanos
758 4314 896 4363 duodecim
912 4315 991 4364 horae
1002 4316 1055 4366 diei
1068 4319 1154 4365 erant?

420 4398 515 4447 Nonne
527 4412 579 4444 nox
591 4396 624 4445 eb
636 4397 763 4448 Romanis
774 4397 801 4445 in
813 4402 937 4460 quattuor
949 4400 1054 4463 vigilias
1066 4400 1150 4447 divisa
1168 4402 1221 4447 est?

422 4481 516 4530 Nonne
527 4479 646 4529 Caesaris
658 4479 755 4528 milites
768 4482 853 4543 prima
864 4483 922 4531 luce
934 4482 1089 4545 surgebant?
