3334 4900
300 393 323 448 8
685 401 928 452 LATINE.

297 603 444 645 Harmas,

562 658 616 707 Res
627 672 675 707 nos
687 660 755 708 vises
767 658 844 708 doeet
853 659 931 722 fides.

590 740 673 799 Quem
691 739 817 790 hebemus
829 745 927 790 certem
945 742 1048 798 testem3

560 822 602 882 Et,
615 838 698 886 quum
710 822 813 872 Christo
824 823 918 882 fretus,
929 820 1003 871 vides

591 909 710 959 Palmum
721 909 799 958 etism
811 923 883 958 nune
896 907 1042 974 caelestem

560 1025 621 1088 spu
633 1027 674 1074 est
684 1023 802 1087 fulgens,
813 1023 883 1073 clm
893 1023 977 1083 stelit,

591 1107 676 1156 Menti
686 1106 777 1155 lumen
788 1111 838 1168 est3
857 1106 891 1156 ed
903 1110 1005 1155 metum

560 1189 751 1252 Depellendum
763 1187 833 1238 inter
844 1188 914 1238 bells

589 1269 674 1331 Vitae,
687 1269 740 1320 dux
753 1283 801 1334 per
812 1271 887 1318 triste
898 1269 990 1319 letum.

559 1384 640 1434 Amor
650 1386 712 1447 tert,
724 1384 864 1449 benignus,
874 1390 979 1444 mets,

588 1473 726 1534 consens,
739 1473 808 1522 msto
820 1487 876 1522 uon
887 1476 1004 1533 tenetur3

555 1563 603 1613 Est
614 1576 676 1612 eum
687 1568 744 1612 υοο
753 1577 828 1612 mens
841 1563 987 1625 eonjuncts

592 1645 681 1704 Quum
692 1658 780 1694 emere
791 1643 952 1709 possidetur.

554 1759 640 1822 Fides,
653 1774 734 1821 umor,
746 1773 816 1824 spes,
828 1763 930 1810 sternte

589 1842 694 1892 Perstat
705 1841 778 1905 tries,
791 1842 870 1892 nobis
882 1842 994 1892 bonum:

557 1926 645 1986 Amor,
658 1939 701 1975 res
711 1939 828 1990 superne
838 1928 909 1985 netu,

588 2005 728 2058 Summum
741 2008 790 2058 Dei
802 2007 881 2057 nobis
891 2007 1000 2057 donum.

966 2074 1029 2122 -R
1049 2073 1188 2124 Susum.

296 2277 422 2319 CAESAR
435 2279 479 2319 DE
494 2279 636 2329 CONJURA
646 2279 701 2318 TIS.
716 2277 783 2328 [Pars
792 2243 873 2324 tertie.
885 2292 903 2319 o.
914 2279 943 2327 o.l

360 2381 492 2446 Equidem
505 2396 533 2432 se
545 2383 582 2431 sie
593 2381 752 2430 existimare:
770 2382 857 2430 omnis
875 2381 1007 2431 eruciatus
1023 2383 1140 2431 minores
1162 2397 1243 2446 quem
1261 2384 1326 2431 isci-

294 2487 359 2521 nore
370 2472 476 2523 illorum
487 2488 552 2523 esse:
572 2473 618 2523 sed
630 2473 768 2537 plerosque
788 2474 912 2522 mortales
929 2488 1061 2538 postrema
1074 2474 1227 2523 meminisse
1248 2481 1275 2523 et
1294 2475 1323 2523 iu

294 2556 449 2605 homiuibus
457 2556 547 2620 impiis
554 2555 659 2605 sceleris
666 2570 757 2605 eorum
765 2555 863 2605 oblitus
874 2555 908 2604 ds
916 2570 1002 2619 poene
1008 2556 1147 2613 disserere.
1154 2558 1177 2607 si
1189 2571 1220 2605 es
1232 2558 1321 2621 paullo

297 2638 415 2688 severior
427 2640 531 2689 ruisset
609 2690 612 2693 .

362 2720 395 2769 D.
407 2719 535 2781 Silenum,
548 2719 634 2768 virum
653 2720 750 2769 fortem
776 2722 857 2783 atque
879 2723 1026 2780 suerrum,
1039 2723 1110 2769 uerte
1127 2721 1194 2769 seire
1205 2735 1243 2780 se,
1256 2734 1325 2783 quse

294 2802 406 2852 dixisset
425 2802 514 2852 studio
532 2801 693 2865 reipublicae
705 2801 810 2863 dixisse
831 2816 917 2864 neque
934 2802 1010 2851 illum
1029 2803 1059 2851 in
1079 2806 1153 2851 tants
1169 2817 1198 2851 re
1211 2805 1323 2865 gratiam
1362 2839 1365 2843 .

295 2889 342 2933 eut
352 2885 505 2934 inimicitius
515 2898 644 2934 exeruere:
664 2898 709 2933 ees
730 2886 816 2932 metes
827 2898 938 2947 eumque
950 2884 1108 2933 modestiam
1120 2884 1171 2933 viri
1187 2898 1217 2933 ee
1228 2899 1327 2947 cogno-

296 2982 377 3018 visse.

362 3050 461 3099 Verum
481 3050 637 3100 senteutiam
660 3049 719 3110 eius
735 3048 787 3097 sibi
811 3064 866 3097 uon
883 3048 1017 3097 crudelem
1035 3048 1113 3111 (quid
1133 3048 1248 3097 enimin
1265 3048 1326 3097 telis

295 3133 417 3181 hemines
427 3132 532 3180 crudele
544 3133 601 3180 deri
609 3132 721 3195 possset)
733 3130 779 3179 sed
787 3132 899 3180 slieuem
911 3144 927 3180 a
938 3129 1074 3193 republiee
1094 3131 1216 3179 Romam
1231 3130 1325 3179 videri.

296 3214 364 3264 Nem
377 3216 497 3278 protecto
508 3217 554 3263 eut
564 3217 664 3263 metum
675 3212 727 3263 sub
744 3213 870 3277 injurium
891 3213 1012 3262 Silenum
1028 3212 1174 3277 subegisse,
1187 3213 1325 3262 eousuiem

227 3344 229 3351 ,
296 3298 473 3359 designatum,
485 3310 569 3360 genus
580 3310 679 3359 poenes
695 3310 794 3345 novum
806 3297 959 3346 decernere.

364 3385 404 3433 De
420 3383 514 3433 timore
532 3396 754 3447 supervacaneum
773 3396 830 3432 esse
847 3382 984 3443 disserere,
1008 3396 1071 3431 eum
1091 3382 1247 3445 praesertim
1267 3383 1327 3431 diii-

364 3550 405 3599 De
416 3563 589 3613 poeneposse
599 3562 628 3597 se
646 3548 769 3612 equidem
789 3549 877 3599 dieers
893 3548 921 3597 id
941 3549 1014 3613 quod
1030 3564 1073 3599 res
1084 3548 1193 3598 heberet
1212 3548 1241 3598 in
1252 3550 1326 3598 luctu

297 3637 377 3697 atque
389 3632 501 3682 miseriis
509 3635 622 3681 mortem
633 3645 816 3681 aerumnarum
826 3632 957 3696 requiem,
966 3646 1021 3679 non
1030 3630 1176 3681 erueistum
1189 3646 1255 3693 esse,
1267 3646 1324 3681 esm

219 3782 222 3789 1
297 3719 392 3765 cuncte
414 3714 565 3764 mortalium
576 3714 645 3763 mels
665 3713 900 3775 dissolveremus
919 3728 1008 3778 neque
1029 3728 1107 3764 emus
1128 3729 1216 3778 neque
1227 3715 1326 3777 gaudio

297 3798 387 3849 locum
399 3810 465 3847 esse.

282 3896 287 3905 ·
365 3884 418 3935 Sed
429 3899 477 3949 per
487 3882 551 3933 deos
561 3882 724 3943 immortalis,
736 3882 910 3947 quemobrem
922 3882 952 3931 in
967 3882 1127 3933 sententium
1143 3898 1200 3932 non
1211 3884 1327 3933 eddidie

298 3967 456 4018 setSilunus
472 3966 512 4015 uti
528 3967 602 4030 prius
621 3965 775 4015 verberibus
790 3965 820 4015 iu
842 3980 889 4015 eos
909 3967 1173 4015 animadvertereturt
1207 3969 1248 4015 An
1263 3968 1326 4031 quie

298 4051 341 4100 lex
350 4050 446 4101 Porcia
458 4050 570 4099 vetaret?
602 4049 637 4099 At
647 4048 711 4100 alies
721 4049 793 4112 leges
803 4048 869 4098 item
886 4049 1069 4099 eondemnstis
1088 4048 1193 4099 civibus
1204 4065 1259 4098 non
1271 4051 1327 4099 sni-

298 4148 369 4183 msm
381 4131 457 4197 eripi,
471 4132 518 4181 sed
529 4130 636 4181 exilium
647 4132 765 4196 permitti
774 4130 878 4195 jubere.

364 4218 407 4266 An
417 4214 481 4278 quis
490 4214 597 4278 gravius
608 4218 677 4264 esset
688 4214 819 4265 verberari
830 4228 912 4278 quum
924 4213 1026 4263 necarit
1058 4214 1130 4273 Quid
1149 4217 1238 4263 eutem
1251 4229 1330 4265 seer.

298 4308 364 4357 bum
376 4309 422 4357 sut
432 4306 512 4355 nimis
523 4320 601 4371 greve
612 4308 682 4355 esset
691 4306 721 4355 in
732 4306 854 4355 homines
864 4305 932 4355 tenti
952 4306 1079 4355 facinoris
1095 4307 1243 4355 eonvietost
1277 4307 1325 4357 Sin

299 4395 363 4459 quis
373 4395 459 4444 levius
470 4397 540 4444 esset
551 4393 598 4458 qui
609 4395 761 4443 eonveniret
772 4394 801 4443 in
812 4394 916 4443 minore
928 4394 1036 4457 negotio
1047 4394 1133 4459 legem
1145 4396 1248 4455 timere,
1262 4410 1323 4444 cum

301 4476 372 4527 eain
382 4479 482 4540 majore
494 4475 612 4539 neglecta
623 4477 702 4525 esset?
962 4475 968 4484 “
1233 4478 1260 4525 S.
