3334 4900
383 562 391 597 1
398 559 496 599 'l-VIA
518 559 658 601 FERREA.

410 663 514 712 Suntne
526 663 618 712 omnia
630 664 663 713 etl
675 663 820 712 dieoeeeum
832 661 977 711 ordinatal
1008 662 1110 711 Omnia

409 751 535 813 Bejulum
547 765 659 812 arcesse,
675 755 706 799 ut
716 753 750 800 ad
761 753 904 798 stationem
916 763 988 798 meae
999 749 1112 798 sarcinae
1123 753 1245 812 asportet

408 833 504 882 Rheda
513 834 621 897 publiea
632 835 736 884 vadam.

407 915 522 974 Quando
534 915 712 979 prolieieoerie
723 917 734 966 l

407 1001 535 1066 Quinque
553 1003 705 1053 monentia

406 1087 493 1144 Quam
505 1100 568 1136 mox
579 1087 614 1134 ad
625 1089 768 1135 stationem
781 1086 986 1150 perveniemus?

406 1167 478 1216 Satie
494 1168 620 1232 tempori3
635 1167 777 1232 quadranti
790 1169 871 1218 horae
888 1170 1008 1218 lortaaee.

406 1250 506 1298 Vereor
516 1264 551 1300 ne
562 1251 676 1300 otiosius
687 1251 823 1314 procedas,
839 1254 867 1300 et
878 1252 963 1300 eeriue
975 1250 1120 1313 perveniae.

404 1332 444 1382 Ne
454 1333 536 1382 nimis
544 1333 582 1383 aie
590 1335 693 1395 anxius,
708 1334 832 1395 Domine;
847 1347 985 1397 nunquam
997 1333 1081 1382 eerine
1092 1333 1297 1382 adventavimue

405 1414 457 1464 llic
467 1429 568 1466 eumue.
606 1417 685 1466 Nunc
697 1420 823 1466 tesseram
835 1415 927 1466 atatim
940 1430 1070 1480 eompara

403 1498 576 1546 Teeeererum
589 1513 681 1548 mensa
692 1499 781 1548 adhue
792 1499 899 1548 oeoluaa
911 1502 959 1548 eet.

403 1578 489 1636 Quid!
526 1581 683 1630 Praefectus
695 1595 785 1630 nonne
796 1580 884 1630 adhue
894 1595 954 1653 pam
966 1580 1089 1644 aperuit?

402 1659 479 1709 ‘luno
490 1661 563 1710 enim
576 1663 701 1712 eoniueio
712 1677 767 1711 non
779 1661 890 1712 haberet
901 1663 999 1711 looum:
1011 1661 1044 1712 ad
1055 1662 1106 1712 heo
1113 1662 1204 1712 ultima
1211 1663 1396 1725 exepeotantur

369 1747 516 1792 momenta:
528 1744 650 1796 edhuone
662 1749 693 1794 tu
709 1745 887 1810 inexpertuel

426 1833 469 1879 uei
481 1834 618 1880 venturam
630 1834 755 1896 pendam

400 1913 540 1972 Quidlibet
551 1929 567 1963 a
578 1918 605 1964 te
618 1913 716 1978 exiget,
730 1916 773 1964 vel
786 1914 933 1964 eeurribua
941 1915 1037 1980 ejiciet.

400 2001 517 2062 Festina,
530 2002 689 2063 eoueoende,
702 2003 793 2052 eedem
807 2002 922 2064 emittee,
935 2005 959 2052 ei
970 2008 1073 2067 praesto
1089 2017 1143 2052 non
1154 2000 1198 2051 eia

399 2084 502 2134 Currus
513 2084 557 2133 nie
569 2085 711 2136 lumariua.

399 2169 580 2217 llormiton'ue
592 2168 643 2217 iete
658 2183 760 2218 eumue

398 2249 523 2298 Concede
534 2249 595 2301 huc.

400 2336 452 2384 liic
463 2335 579 2386 maxime
591 2337 736 2388 mulierum
748 2353 816 2401 pare;
832 2339 877 2388 hie
890 2338 1055 2388 inveniamus
1066 2351 1208 2388 scamnum.

397 2419 508 2469 Nullum
521 2424 605 2471 vaoat.

398 2502 525 2553 Proxime
536 2504 616 2553 statio
627 2504 833 2569 appropinquet;
848 2506 1000 2569 eompluree
1009 2504 1062 2555 illic
1074 2503 1238 2563 descendent,
1252 2505 1279 2551 et
1296 2513 1390 2550 vaeuaa

361 2585 440 2636 sedes
452 2584 612 2649 relinquent.

396 2673 480 2722 Latus
490 2672 597 2723 flumini
609 2672 753 2724 obversum
766 2676 844 2725 melo.

394 2760 427 2809 ln
438 2760 494 2809 eola
506 2764 570 2825 opto
583 2763 689 2824 gestari.

395 2843 550 2893 Fenestram
562 2844 663 2906 claude;
679 2844 776 2893 mulier
787 2844 833 2894 illa
845 2849 956 2895 rentum
966 2846 1030 2895 odit

393 2927 541 2976 Pulchrum
553 2926 664 2990 quidem
675 2927 726 2976 hoo
739 2928 901 2979 vehiculum.

394 3009 559 3059 Galeleetum
572 3024 678 3073 vapore.

393 3093 471 3154 Aqua
481 3093 557 3141 uuest
569 3093 665 3154 gelide.

395 3175 511 3224 Frenum
523 3176 725 3239 pneumaticum
739 3192 754 3227 e
771 3178 962 3243 Weetiagleeae
977 3181 1084 3228 factum.

391 3259 496 3309 Suntne
509 3258 560 3308 ieie
572 3263 618 3308 tua
630 3259 830 3324 impedimenta,
846 3263 981 3312 Domine?

392 3341 471 3391 Nulla
482 3340 550 3389 mihi
563 3346 635 3391 eunt.

390 3434 532 3482 Teesarael

390 3516 487 3565 Trione
497 3516 578 3565 horae
590 3516 625 3565 ad
635 3519 803 3569 coenandum
814 3520 901 3570 datur.

389 3602 480 3652 Coena
490 3616 545 3651 non
558 3617 633 3667 egeo.

388 3690 473 3739 Peme
489 3703 585 3739 emem.

388 3772 476 3821 Nuoee
486 3772 656 3836 eomperebo.

388 3859 463 3909 liene
474 3874 541 3923 puer
551 3862 620 3909 offer
630 3862 822 3926 ephemeridee
860 3867 928 3917 Volo
938 3868 1093 3917 iaeoioulum
1114 3866 1287 3933 ephemeridis
1299 3867 1380 3916 “lat-

353 3942 410 3991 ina”
423 3957 524 3991 novum
541 3943 641 3995 videre.

386 4026 488 4075 Preebe
500 4026 597 4077 dulcia

386 4108 500 4167 Quando
511 4111 610 4161 iterum
623 4112 810 4163 movebimur?

386 4193 460 4243 Heeo
470 4197 512 4242 eet
523 4194 646 4244 maehina
658 4211 727 4259 quae
739 4202 846 4248 nostroe
856 4214 950 4249 eurrue
961 4200 1053 4251 trehet

387 4281 492 4344 Aquam
504 4284 532 4329 et
542 4281 663 4332 carlonea
680 4284 783 4348 recipit.

385 4364 484 4427 Magna
495 4366 642 4429 requiritur
653 4369 694 4417 vie
704 4370 738 4418 ad
749 4371 870 4421 ordinem
890 4374 1010 4437 quinque
1020 4378 1047 4423 et
1067 4373 1160 4439 viginti
1178 4388 1303 4425 curruum
1326 4378 1379 4425 tra-

349 4448 477 4500 bendum.
