3334 4900
698 437 702 444 ·
753 412 988 464 LATINE.

412 614 463 664 (lui
472 615 590 666 videtur?

333 725 339 733 ·
412 699 504 750 Solem
515 716 531 751 e
542 717 596 765 quo
608 703 708 767 effigies
719 706 809 768 agnita
823 703 870 752 eit?

412 787 480 844 Quis
492 787 592 838 stabat?
687 803 692 816 ·

412 869 527 919 Stetitue
539 873 631 920 noster
646 871 834 935 philosophus?

412 951 562 1003 Dubitaene
573 953 640 1018 quin
651 956 754 1004 steterit
765 960 800 1004 et·
808 955 969 1005 dlooeeeeriti
1064 977 1066 980 ·

412 1035 464 1086 Dio
475 1035 543 1085 mibi
553 1037 690 1099 quomodo
701 1036 801 1100 effigies
811 1039 941 1088 innuerit?

412 1119 555 1168 Poteratne
567 1117 668 1182 effigies
680 1133 772 1168 vooem
784 1119 873 1169 ederet

412 1199 508 1250 Nonne
519 1215 550 1251 ea
561 1191 595 1250 de
607 1215 686 1250 oeuea
698 1199 826 1251 innuebat
838 1200 935 1264 digitol

412 1287 553 1346 Quomodo
570 1288 640 1337 muti
651 1290 757 1338 vocanti
791 1289 862 1337 Vooe
873 1303 908 1341 eu
919 1289 1004 1352 digito
1017 1289 1161 1338 innuendol

412 1359 508 1420 Nonne
522 1374 614 1420 mutuo
624 1369 740 1440 innuens
751 1370 837 1434 digito
848 1369 944 1420 einiiliu
954 1376 995 1420 eet
1010 1374 1125 1422 vocantu

410 1443 485 1502 ¹Voou
496 1467 539 1502 mo
557 1452 656 1516 digitol
729 1443 731 1446 ¹

413 1535 482 1595 Quis
492 1539 534 1586 eet
544 1535 599 1584 lio?

410 1617 505 1667 Nonne
517 1617 562 1667 hio
572 1617 646 1666 illam
662 1617 775 1681 effigiem
787 1619 943 1667 innuentem
954 1616 1037 1667 videti

412 1699 509 1751 Nonne
520 1699 566 1750 illa
577 1699 611 1750 ab
627 1700 678 1750 hoo
689 1700 807 1750 videtur?
816 1687 915 1778 (huid).

301 1799 303 1802 ·
316 1809 322 1821 ν
412 1785 509 1836 Nonne
519 1785 646 1836 illehuno
656 1785 742 1850 digito
753 1787 891 1837 innuendo
904 1787 1019 1838 vooovit?

413 1871 827 1937 Roepondemehioillieffigieii
1047 1862 1050 1867 ⁸

413 1944 509 2005 Nonne
520 1955 707 2006 Athenodorus
718 1955 821 2021 aliquid
837 1970 919 2005 manu
931 1956 1076 2020 signifieat?

413 2036 509 2087 Nonne
520 2051 603 2086 manu
613 2036 746 2102 signifieat
756 2037 854 2102 effigiei
863 2042 895 2086 ut
905 2039 1024 2102 paullum
1034 2041 1193 2102 erpootaretl

414 2118 561 2168 Volebatne
572 2119 673 2183 effigies
683 2121 836 2184 expectare?

413 2201 509 2251 Nonne
520 2205 577 2251 erat
588 2205 680 2251 eontra
691 2203 750 2266 ejus
767 2201 943 2252 voluntatem?

392 2296 394 2302 ·
413 2283 607 2348 Expectabitne
624 2285 757 2348 paullumi

368 2433 374 2445 .
412 2367 507 2418 Nonne
518 2381 639 2417 eummee
650 2367 773 2418 audaciae
784 2367 839 2416 tuit
850 2378 880 2416 ut
891 2368 1009 2432 paullum
1022 2374 1169 2431 expectaret
1189 2373 1307 2419 monstro
1318 2368 1371 2433 sig-

346 2433 486 2559 nfficffid
496 2500 552 2563 agit
562 2502 654 2549 noeter
664 2500 760 2549 audax!

411 2582 507 2631 Nonne
519 2581 617 2631 iterum
627 2580 744 2641 seribere
753 2582 862 2645 ooepiu-

413 2664 618 2715 Inoubuimesne
625 2679 717 2714 tumus
725 2664 759 2713 ad
767 2664 937 2713 scribendum
946 2664 969 2714 ei
978 2668 1124 2714 monstrum
1134 2664 1182 2714 tibi
1191 2665 1276 2715 visum
1286 2669 1367 2715 eaeet?

342 2818 345 2824 Ι
415 2752 511 2801 Fuitne
522 2752 588 2801 lineo
598 2752 707 2801 audacia
719 2751 815 2815 effigiei
827 2752 958 2816 dignitate
968 2753 1060 2816 dignul

414 2836 510 2886 Nonne
521 2834 622 2899 efligies
632 2834 850 2899 hano-audacium
861 2850 938 2899 aegre
949 2838 1029 2885 feret?

349 2984 527 3027 EPISTOLAS
538 2984 702 3025 SCRIBERE.

415 3075 484 3133 Quid
499 3077 614 3141 quaer-isi

412 3160 548 3223 Chartam:
563 3159 624 3207 volo
636 3158 751 3208 seribere
761 3151 910 3223 epistolam:
928 3158 1041 3208 habesne
1053 3159 1170 3208 obortam
1191 3156 1368 3223 epistolio-emi

413 3244 479 3292 Tres
490 3256 590 3307 ooapoe
627 3242 700 3292 Iiene
712 3241 827 3306 indigeat

411 3325 549 3389 Plagulam
561 3325 595 3374 da
606 3324 672 3374 mini
684 3330 812 3383 mutuam·
822 3324 846 3373 ei
857 3324 906 3374 vie.
940 3324 1030 3373 Debeo
1039 3325 1175 3389 epistolam
1188 3324 1311 3387 scribere,
1323 3325 1374 3375 eub

348 3423 497 3472 vesperum.
534 3408 707 3458 Involuerum
723 3408 804 3458 etiam
814 3408 882 3457 mihi
892 3409 1038 3458 oommoda

414 3492 510 3541 Duone
522 3490 669 3541 mffioiuntt

415 3575 535 3641 alterum
546 3574 638 3625 album
650 3576 677 3623 et
688 3574 787 3623 flavum
798 3574 912 3623 alterum
921 3573 1008 3623 velim.

352 3647 355 3655 ’
413 3657 485 3707 Num
497 3656 563 3706 haee
575 3654 686 3720 epietola
697 3670 746 3721 per
757 3655 925 3705 tabellarium
941 3654 1083 3704 mittenda?
1179 3720 1181 3725 Ι

414 3744 483 3806 Non;
502 3744 549 3793 aed
561 3746 668 3806 egomet
682 3757 740 3791 eam
753 3742 785 3791 ad
797 3756 916 3792 mennam
927 3741 1082 3792 tabularium
1093 3743 1185 3790 ferum.

413 3826 443 3876 Si
455 3826 564 3891 quidem
576 3825 657 3875 hodie
669 3826 807 3887 mittenda,
821 3826 926 3874 nullum
938 3824 989 3875 n'bi
1004 3829 1110 3888 tempus
1125 3829 1244 3875 remanet

414 3899 475 3978 cito
486 3908 609 3973 eoribem3
629 3923 679 3958 neo
687 3923 733 3958 ero
744 3908 848 3973 longua
883 3907 985 3966 Quotus
995 3907 1094 3958 menois
1104 3908 1161 3958 dieo
1171 3908 1216 3957 bio
1227 3910 1280 3958 eet?

413 3997 509 4048 Nonne
526 3997 590 4047 eois!

412 4080 485 4139 Quot
496 4080 554 4129 dieo
570 4079 697 4130 denuntio
713 4082 789 4131 eunti

413 4161 537 4227 Triginta
548 4166 576 4211 et
591 4176 671 4213 unns.

411 4250 500 4301 Hodie
510 4265 576 4314 ergo
587 4256 628 4301 eat
639 4254 731 4301 sertus
743 4250 878 4301 Kalendas
889 4250 1052 4300 Fobmariao.

413 4335 487 4395 Non;
502 4334 561 4384 heri
571 4334 626 4383 tuit
637 4333 745 4383 Saturni
756 4334 821 4385 dieo:
840 4348 904 4397 ergo
916 4338 958 4383 eet
968 4335 1020 4383 Vll
1034 4334 1085 4383 Kal
1106 4334 1168 4384 Feb.

413 4417 508 4467 Nonne
520 4432 614 4469 eumue
625 4417 654 4467 in
665 4430 736 4467 anno
748 4416 877 4466 bissexto?

412 4500 484 4559 Quid
496 4504 571 4565 ergo?
605 4501 731 4552 Nondum
743 4504 783 4550 est
793 4498 961 4551 Februarius.
