3334 4900
304 359 328 412 8
711 365 948 416 LATINE.

301 565 363 612 vivo
375 579 414 620 se,
426 579 548 627 egressus
560 572 637 622 esset.
649 569 720 631 quod
732 571 756 617 ei
768 570 824 633 ipae
835 573 937 618 terrum
957 570 991 618 de
1011 569 1133 619 manibus
1155 571 1320 629 extorsisset,

302 647 383 710 quod,
398 647 545 697 incolumes
556 649 634 709 cives,
649 650 720 713 quod
730 655 845 700 stantem
857 651 949 700 urbem
957 651 1122 715 reliquisset3
1149 657 1252 715 quanto
1263 659 1323 701 tan·

300 732 363 781 dem
375 733 452 781 illum
463 749 582 784 moerore
594 735 717 785 efflictum
730 751 785 786 esse
808 749 835 786 et
854 738 1022 800 profligatum
1044 743 1177 802 putarent
1228 739 1322 788 Jscere

301 816 378 864 illum
390 819 455 865 tunc
466 822 628 880 prostratum
639 823 704 868 etse
723 819 872 882 perculsum
884 824 963 883 atque
986 820 1121 884 abjectum
1143 835 1201 870 esse
1223 822 1323 871 sentire

234 944 242 962 ,
302 906 330 951 et
341 906 496 974 retorquere
507 905 599 954 oculos
610 907 729 970 profecto
740 919 817 968 saepe
828 907 862 954 ad
872 906 941 954 hauc
952 905 1053 967 urbem,
1062 921 1142 971 quarn
1154 922 1170 956 e
1188 910 1245 956 suis
1267 911 1325 956 isu-

262 1005 265 1012 ·
299 983 379 1034 cibus
391 989 510 1049 ereptam
521 1001 579 1036 esse
590 988 693 1051 lugeret
706 1001 713 1045 ;
731 1000 799 1049 quse
810 987 918 1050 quidem
930 987 1021 1036 lsetsri
1031 989 1084 1038 sibi
1095 990 1238 1047 rideretur.
1250 991 1324 1054 quod

300 1074 402 1120 tenum
414 1077 517 1136 pestem
528 1074 689 1124 evomuisset
699 1077 822 1137 foresque
834 1074 998 1137 projecisset.

303 1273 567 1325 VIII-COLLOQUIA
586 1273 669 1314 HORA
679 1273 786 1322 ΤΙΑΝΑ,
801 1274 820 1313 Ι.

463 1416 465 1421 ·
565 1393 672 1455 Integer
682 1392 750 1440 vitae
762 1392 918 1454 scelerisque
928 1408 1010 1456 purus

565 1458 623 1506 Non
636 1466 695 1520 eget
706 1457 828 1521 [Mentis]
841 1459 934 1522 jaculis
945 1473 994 1508 nec
1005 1474 1076 1521 arou,

565 1523 619 1571 Nec
632 1522 765 1572 venenatis
778 1523 885 1586 gravida
899 1524 1011 1587 sagittis,

757 1587 866 1651 [Fusco]
879 1590 1006 1652 pharetra;

564 1652 626 1702 Sive
638 1667 684 1716 per
695 1653 784 1716 Syrtes
795 1654 847 1702 iter
854 1660 996 1716 aestuosas,

564 1717 626 1766 Sive
638 1719 754 1768 tacturus
765 1733 812 1782 per
825 1719 1007 1783 inhospitalem

567 1783 716 1844 Caucasum,
731 1784 772 1832 vel
783 1799 850 1846 quae
861 1785 918 1833 loca
925 1785 1062 1834 fabulosus

757 1849 861 1898 lambit
876 1851 1012 1914 Hydaspes
1023 1852 1182 1901 -Hcrrtisr

301 1988 368 2048 Quis
380 2003 434 2039 non
446 1991 507 2052 eget
522 1987 624 2051 jaculis,
637 2002 698 2037 srcu
710 1988 840 2051 phsretrst
853 1989 921 2052 [eie.
941 1988 992 2040 abl.
1013 2004 1115 2054 semper
1132 1989 1240 2055 utiturt]

300 2079 370 2129 Num
383 2092 504 2141 umquam
516 2077 619 2140 integer
631 2077 699 2125 vitae
711 2092 785 2128 arcus
802 2082 829 2126 et
845 2078 998 2142 sagittarum
1014 2082 1042 2126 et
1063 2078 1199 2142 pharetrae
1217 2085 1323 2144 eget?-

369 2160 444 2224 [Sall
461 2173 520 2223 gen.
536 2157 637 2223 ssspel

299 2244 368 2294 Num
382 2242 458 2291 rnulti
470 2242 567 2292 scelere
580 2242 639 2305 puri
652 2245 724 2292 sunt?
737 2243 831 2306 [Saepe
843 2243 913 2307 apud
922 2242 990 2304 cie]

299 2325 367 2384 Quis
378 2324 485 2374 sceleris
496 2323 532 2372 sit
549 2325 643 2387 purus?

298 2409 395 2471 Nonne
407 2409 482 2459 Deus
494 2406 527 2457 ab
539 2407 635 2457 scelere
647 2422 727 2471 purus
739 2409 790 2458 est?

299 2493 395 2543 Nonne
407 2490 538 2555 segittsrii
551 2491 653 2554 sagittis
670 2506 739 2552 ercu,
754 2492 1012 2556 pharetra-utuntur?

298 2576 396 2626 Nonne
407 2572 562 2637 aborigines
573 2575 601 2621 in
618 2574 733 2623 Amerios
745 2574 778 2622 iis
789 2574 941 2624 utebantur?

299 2658 396 2709 Nonne
407 2660 498 2706 nostre
510 2654 590 2703 verbe
602 2671 677 2719 saepe
689 2657 797 2717 sagittae
809 2662 872 2705 sunt
888 2659 1043 2705 venenatae?

300 2742 368 2790 Tum
381 2754 427 2788 ors
439 2738 576 2787 venenatis
588 2738 707 2802 gravidae
716 2739 818 2801 sagittis
830 2744 893 2788 sunt
909 2740 1054 2799 pharetrae,
1067 2742 1168 2789 nonne?

300 2824 425 2887 Impurus
437 2820 535 2883 tslibus
547 2820 625 2870 dictis
636 2836 712 2885 saepe
723 2822 814 2882 utitur,
828 2823 929 2870 nonne?

300 2907 396 2956 Nonne
408 2905 483 2953 locus
495 2908 522 2953 et
532 2908 633 2967 ternpus
645 2904 777 2968 improbos
788 2919 865 2966 saepe
878 2904 984 2953 timidos
995 2904 1094 2954 reddit?

299 2981 396 3041 Nonne
408 2988 512 3051 integer
529 2986 597 3035 vitae
610 3001 708 3051 semper
717 2992 757 3037 est
768 2987 858 3035 fortis?

296 3052 428 3123 'Credisne
438 3070 461 3120 si
474 3070 533 3133 quis
550 3085 597 3133 per
608 3070 698 3133 Syrtes
709 3070 813 3133 naviget
825 3085 883 3118 curn
892 3070 986 3133 jaculis
997 3072 1085 3134 egeret

300 3156 384 3205 Estne
397 3157 490 3217 poetae
503 3152 530 3201 id
542 3152 594 3201 sibi
605 3154 760 3215 proponeret
913 3146 916 3149 ’

250 3308 253 3313 1
301 3247 397 3297 Nonne
410 3244 501 3307 Syrtes
513 3243 541 3292 in
553 3244 603 3291 hoo
614 3242 724 3291 carmine
737 3245 805 3291 freta
817 3243 858 3290 vel
870 3242 944 3291 sinus
953 3242 1046 3310 breves
1062 3243 1207 3305 significat?

301 3329 397 3379 Nonne
409 3325 514 3376 barbsri
526 3327 571 3388 qui
581 3340 639 3375 oras
651 3326 788 3375 maritimas
800 3325 920 3374 incolunt
937 3331 1029 3375 nautas
1040 3326 1170 3375 interdum
1182 3332 1291 3377 necant?

301 3411 370 3461 Num
383 3410 516 3459 Caucasus
529 3407 665 3471 hospitalis
677 3410 726 3456 estl

301 3494 435 3544 Caucasus
447 3490 615 3554 inhospitalis
632 3494 678 3550 est,
692 3492 791 3539 nonne?

300 3578 375 3627 Inter
386 3589 453 3639 quae
465 3574 545 3623 maris
556 3578 596 3621 est
608 3588 679 3622 mons
691 3574 832 3623 Caucasus?

301 3658 394 3709 Scisne
407 3672 473 3720 quse
485 3657 542 3705 loce
553 3656 689 3719 Hydaspes
701 3656 796 3704 flumen
808 3656 916 3705 lambat?

301 3741 387 3799 Quare
400 3738 528 3788 Horatius
539 3738 686 3801 Hydaspem
699 3738 794 3786 flumen
806 3738 920 3801 appellat
933 3739 1092 3788 iabulcsumt

301 3824 398 3874 Nonne
410 3822 485 3871 dives
494 3820 548 3869 fuit
562 3820 669 3869 tubulis?
686 3820 752 3885 [Gic.
768 3820 832 3883 abl]

302 3907 353 3965 Qui
365 3906 452 3954 victor
462 3903 598 3968 primusid
609 3903 704 3953 flumen
716 3904 829 3952 transiit?
847 3904 1006 3966 [Alexander
1023 3904 1156 3967 Magnus}

301 3992 398 4041 Nonne
410 3990 551 4051 Hydaspes
563 3986 690 4040 fabulosis
702 3987 858 4035 Graecorum
864 3986 1023 4036 carminibus
1039 3988 1145 4037 inclitus
1157 3988 1222 4038 initi
1234 3989 1320 4053 [Curt.

369 4075 448 4136 III:l‚
463 4078 485 4124 2.

301 4144 398 4193 Nonne
410 4144 479 4190 fama
490 4074 547 4189 {rat
558 4140 655 4189 incolas
667 4141 788 4188 immanes
800 4140 837 4188 ibi
852 4140 964 4188 viatores
975 4141 1077 4189 necaret

301 4228 386 4276 Poeta
408 4224 515 4289 gracilis
537 4238 585 4273 suc
607 4224 688 4271 emico
708 4225 810 4283 “caro‚”
825 4224 967 4287 “optimc’'
986 4224 1052 4287 [Sat.
1066 4224 1179 4287 1:10.83]
1194 4225 1325 4275 “ridendo

368 4308 434 4357 dicit
446 4308 562 4365 verum,”
576 4308 673 4355 nonne?

301 4375 351 4424 Dis
364 4374 461 4437 gaudio
473 4377 536 4423 sunt
548 4372 584 4421 di.
599 4371 745 4435 [Emenson¹
761 4373 822 4420 “W.
838 4372 896 4435 Sj’]

302 4459 344 4508 Da
356 4457 421 4506 mihi
432 4458 482 4507 hos
495 4471 584 4505 versos
597 4457 711 4507 orstione
724 4456 814 4507 soluta
