3334 4900
755 436 994 488 LATINE.

361 645 421 685 (IRA
427 645 501 685 ΜΜΑ
510 645 589 686 ΤΙίἘ.

426 731 526 780 Norant
538 731 667 780 dividitur
678 729 707 778 in
718 729 784 779 duas
794 729 943 793 partes-iu
955 728 1149 779 substantivum
1162 730 1191 775 et
1209 724 1376 789 adJeotivun.

426 815 523 862 Nomen
534 814 683 878 adjectivum
697 811 822 874 adjicitur
833 810 986 860 nominibus
998 807 1170 859 substantivis
1181 807 1215 858 ad
1236 805 1379 856 eorundem

359 893 514 958 qualitatem
525 894 568 944 vel
579 894 756 958 quantitatem
770 893 962 951 declarandam,
976 896 1007 942 ut
1019 891 1125 941 eadam
1148 888 1313 955 profundata,
1335 886 1380 936 aia

359 961 576 1074 attapmom
588 1037 638 1088 pro
649 1021 758 1074 nomine
769 1026 810 1074 est
832 1023 887 1084 (vel
897 1022 1015 1072 nominis
1024 1021 1112 1070 officio
1122 1018 1258 1084 iungitur)
1269 1021 1300 1068 ut
1311 1015 1363 1065 ille.

393 1108 525 1222 llaiiom
536 1106 720 1157 antrustionum
731 1105 761 1156 in
772 1107 839 1157 duaa
848 1109 937 1172 partes
948 1103 1139 1154 dividitur-iu
1149 1101 1286 1168 proprium
1298 1105 1326 1150 et
1335 1113 1381 1163 ap-

358 1185 392 1234 9⁶
426 1187 566 1319 Piiyiiiam
577 1255 626 1302 uni
636 1255 741 1304 tentum
757 1253 891 1304 convenit.

426 1336 447 1385 A
450 1337 618 1402 ppellatioum
630 1339 671 1386 est
681 1350 821 1386 commune
832 1336 933 1387 multis.

422 1417 463 1466 De
474 1433 575 1469 aomina
586 1418 709 1482 adjectivo
721 1418 850 1468 vocabulo
862 1418 1061 1481 “conparatio”
1075 1418 1180 1467 utimur.

359 1565 381 1614 ti
428 1499 529 1550 Gradus
539 1499 745 1565 comparationis
754 1504 819 1551 aunt
828 1504 891 1563 tres,
904 1501 1043 1566 positivus,
1055 1498 1249 1565 comparativus
1264 1494 1382 1560 asperle-

383 1580 439 1613 vua

427 1629 625 1692 comparativus
636 1629 752 1694 positivo
763 1633 918 1696 praefertur.

426 1711 602 1777 Saperlotioar
614 1713 793 1776 comparativo
805 1715 977 1778 superfertur.

427 1795 524 1844 Gcaera
535 1799 599 1844 erant
609 1795 793 1857 masculiuum,
807 1795 977 1860 femininum,
989 1800 1122 1846 neumam.

426 1875 534 1925 Numeri
545 1879 608 1926 sunt
618 1877 760 1942 singularia
771 1881 798 1928 et
807 1878 925 1943 pluralia

427 1959 511 2009 Carae
523 1963 586 2009 eunt
596 1960 788 2020 nominativus,
799 1960 947 2025 genetivus,
959 1961 1075 2038 murus,
1093 1959 1264 2021 amusativus,
1283 1958 1381 2007 vocati-

358 2055 415 2099 vus,
429 2040 568 2092 ablativus.
603 2042 664 2106 [Vel
675 2057 752 2094 casua
763 2043 885 2108 tamus]

427 2128 479 2176 Per
490 2127 684 2178 nominativum
695 2129 794 2194 aliquid
811 2129 986 2180 nominamus„

427 2211 480 2260 Per
491 2225 551 2274 gen.
565 2225 651 2275 genus
661 2213 844 2277 cujuscunque
854 2215 1011 2277 quaerimus

425 2293 477 2341 Per
488 2294 541 2344 dat.
555 2293 634 2343 alicui
646 2295 745 2359 aliquid
755 2311 806 2346 nos
816 2296 878 2346 dare
889 2295 1108 2346 demonstramus.

423 2377 489 2442 [Per
505 2391 559 2428 soc.
578 2377 755 2442 accusamus]

424 2462 477 2510 Per
490 2475 547 2511 voc.
561 2475 687 2512 vocamus
698 2462 823 2527 aliquem.

424 2547 478 2597 Per
490 2546 541 2597 abl.
553 2562 603 2599 nos
614 2548 648 2598 ab
660 2548 751 2613 aliquo
762 2550 866 2599 autema
876 2548 1007 2600 demonst-

424 2633 544 2681 Vranorr
555 2636 596 2681 est
606 2632 723 2681 activum
737 2631 779 2681 vel
790 2632 925 2697 passivum
937 2633 980 2681 vel
995 2636 1119 2681 neutrum
1130 2632 1173 2681 vel
1184 2631 1327 2695 deponens.

429 2714 552 2778 Tempora
563 2714 704 2765 verborum
715 2719 779 2764 ιιιιιι
788 2729 920 2779 praesens,
934 2714 1108 2779 praeteritum
1116 2714 1310 2779 imperfectum,
1322 2727 1380 2777 per·

359 2804 469 2861 tectum,
481 2801 781 2865 plusquamperfectum,
794 2802 927 2863 rutum,
939 2803 1060 2850 futurum
1072 2804 1203 2851 exactum.

400 2949 406 2959 ·
422 2884 501 2961 'Mada'
512 2884 654 2935 verborum
667 2889 730 2935 eunt
754 2883 922 2948 indicativus,
946 2884 1138 2949 subjunctivus,
1151 2881 1330 2948 imperativus,
1341 2882 1381 2930 in·

360 2950 526 3129 &uigiliae
538 3014 679 3065 verborum
690 3018 755 3065 sunt
766 3014 927 3079 inchoativa,
939 3014 1322 3079 diminutivutrequentativa,
1334 3010 1379 3061 ‹ie-

359 3094 382 3131 ei
401 3094 446 3129 ers
458 3094 508 3129 iva.

427 3164 554 3213 Personae
566 3162 707 3212 verborum
718 3166 782 3213 sunt
792 3163 975 3228 tres-prima,
988 3164 1111 3226 munda,
1128 3162 1213 3213 tertia

426 3250 533 3299 Numeri
544 3249 686 3299 verborum
693 3254 757 3300 sunt
767 3249 996 3315 duc—singularia
1007 3254 1034 3301 et
1049 3250 1166 3315 pluralia

430 3335 630 3399 conjugationes
653 3336 796 3387 verborum
818 3341 882 3387 eunt
903 3338 1142 3402 quatuor-prima,
1155 3335 1278 3398 munda,
1292 3334 1379 3397 tertia,

360 3406 612 3517 quari'nianommn
623 3470 726 3531 partem
736 3467 808 3532 capit
819 3466 944 3531 nominis,
958 3471 1112 3539 partemque
1123 3467 1205 3518 verbi.
1230 3466 1331 3528 Genus,
1340 3480 1382 3516 oa-

359 3565 416 3605 sns.
428 3554 542 3613 tempus,
557 3564 685 3600 numerus
695 3550 837 3615 participio
847 3550 978 3602 accidunt.

426 3634 603 3693 Anvnamura,
617 3632 751 3697 adjectum
759 3632 849 3696 verbo,
862 3632 1083 3698 dgnifioatioaem
1093 3632 1216 3698 explanat
1225 3636 1253 3683 et
1261 3632 1362 3697 implet.

426 3717 607 3766 Pnanoamc
618 3716 791 3780 praeponitur
802 3717 862 3768 aliis
877 3716 998 3783 partibus
1014 3717 1149 3767 oratiam
1185 3716 1248 3780 (Vel
1268 3731 1316 3783 per
1336 3730 1382 3781 ap-

359 3800 528 3864 positionem,
542 3804 573 3848 ut
584 3813 616 3847 eo
628 3798 662 3847 od
671 3798 847 3866 philosophos,
860 3800 903 3850 vel
913 3815 962 3865 per
972 3814 1090 3864 compos,
1106 3804 1138 3850 ut
1147 3798 1234 3863 aaa.)

425 3884 597 3935 θοιιιιιισιιο
608 3882 749 3947 conjungit
759 3883 824 3933 alias
835 3888 924 3949 partes
934 3884 1070 3935 cratonis.

427 3970 605 4020 qunavnono
616 3969 778 4034 interjicitur
788 3970 849 4021 aliis
858 3971 980 4037 partibus
994 3972 1129 4025 orationis.

358 4106 447 4147 asar
459 4106 591 4145 naama·
604 4088 743 4146 s'corma·
755 4105 912 4148 saclusa.

619 4190 642 4240 0
653 4190 767 4239 Domine
784 4191 865 4253 Deus,
878 4190 981 4255 speravi
989 4191 1019 4241 in
1030 4192 1072 4242 tet

620 4255 849 4319 OcaremiJesu,
861 4257 1027 4307 nunclibera
1036 4272 1091 4307 me:

580 4432 582 4437 ¹
621 4451 793 4515 Ianguendo,
808 4453 949 4516 gemendo,
963 4457 991 4504 et
1001 4468 1072 4517 genu
1088 4454 1218 4506 flectendo

622 4519 720 4580 Adoro,
731 4517 846 4583 imploro
855 4522 887 4569 ut
896 4518 993 4570 liberes
1003 4534 1055 4571 me.
