3334 4900
325 291 348 341 6
716 291 955 342 LATINE.

327 381 966 390 *m—

340 469 363 514 4.
384 465 480 512 Nonne
490 465 599 514 Rhenus
611 466 639 514 in
651 467 785 516 Oeeanum
796 467 977 530 Britannicum
996 467 1067 516 fluit?
1085 468 1231 517 Rhodanus
1240 469 1269 516 in
1277 469 1352 518 Med-

424 551 598 601 iterraneum?
615 554 704 602 Padus
714 553 743 603 in
755 553 929 604 Adriaticum?
945 582 949 588 ·

340 637 363 680 5.
383 634 479 682 Nonne
488 635 625 684 Garumna
636 636 705 684 inter
722 638 869 698 Aquitanos
884 642 912 686 et
922 637 1012 685 Gallos
1022 636 1101 686 fluit?
1130 637 1253 688 Matrona
1263 643 1291 688 et
1301 640 1346 688 Se

424 731 513 779 quana
524 717 594 766 inter
607 719 701 781 Belgas
717 722 746 766 et
754 719 857 767 Gallos?
936 754 941 762 .

339 802 363 847 6.
385 799 481 848 Nonne
492 799 629 849 Garumna
640 801 740 848 flumen
762 801 853 849 Gallos
870 799 903 848 ab
923 801 1063 862 Aquitanis
1080 801 1188 851 dividit?
1223 804 1349 852 Matrona

420 888 448 930 et
458 883 582 946 Sequana
592 883 683 931 Gallos
694 897 709 930 a
726 883 816 945 Belgis
826 882 935 931 dividit?

341 969 364 1014 7.
385 965 438 1024 Qui
449 965 519 1014 hane
528 970 630 1028 partem
643 965 743 1014 Galliae
760 965 892 1013 incolunt?
924 965 1011 1014 Hanc?
1044 967 1133 1016 nram

341 1053 364 1097 8.
386 1049 482 1096 Nonne
494 1048 581 1097 Gallia
592 1053 634 1096 est
655 1049 743 1096 omnis
764 1049 850 1097 divisa
870 1049 898 1095 in
909 1053 997 1110 partes
1006 1052 1073 1098 tres?
1105 1051 1158 1109 Qui
1169 1052 1275 1101 tertiam
1287 1067 1347 1115 par-

313 1116 318 1125 '
419 1118 473 1162 tem
484 1114 588 1162 Galliae
596 1113 728 1162 incolunt?

338 1199 362 1244 a.
383 1196 479 1245 Nonne
493 1197 610 1259 ipsorum
623 1195 714 1258 lingua
724 1195 890 1258 appellantur
900 1195 1007 1244 Celtae?
1041 1197 1136 1244 Nonne
1148 1195 1240 1246 Latina
1252 1199 1348 1248 Galli?

323 1284 360 1327 10.
380 1279 520 1392 0119ωοῖἰο
531 1279 651 1393 tOsssesans
662 1277 753 1340 lingua
764 1278 928 1342 appellantur
938 1278 984 1342 qui
996 1280 1100 1326 tertiam
1113 1278 1214 1328 Galliae
1239 1288 1344 1344 partem

421 1359 482 1392 meo
493 1359 530 1392 un
588 1371 601 1398 0

322 1426 361 1474 11.
382 1425 477 1474 Nonne
488 1425 559 1474 Galli
570 1426 641 1473 inter
651 1425 798 1488 Sequanam
811 1429 839 1473 et
849 1425 1009 1490 Garumnam
1022 1425 1156 1474 incolunt?

323 1517 361 1560 12.
380 1513 521 1571 Quomodo
533 1512 674 1576 Aquitania
685 1513 848 1560 continetur?

321 1600 360 1645 13.
381 1595 476 1644 Nonne
487 1585 616 1658 Pyrenaei
627 1595 733 1644 Montes
743 1594 812 1644 inter
824 1595 968 1658 Aquitanos
978 1599 1005 1643 et
1016 1595 1149 1658 Hispanos
1160 1598 1244 1644 sunt?

320 1679 359 1727 14.
380 1679 475 1726 Nonne
487 1677 615 1742 Pyrenaei
627 1677 732 1726 Montes
743 1677 911 1740 Aquitaniam
924 1677 957 1726 ab
974 1677 1099 1741 Hispania
1110 1678 1256 1727 dividunt?

323 1765 361 1809 15.
380 1761 476 1875 Νοηιὲο
497 1761 611 1874 {thenas
631 1760 776 1820 Helvetios,
801 1761 944 1824 Sequanos,
969 1761 1064 1824 Belgas
1086 1760 1119 1809 ab
1141 1761 1283 1810 Germanis
1305 1761 1350 1810 di·

420 1827 447 1874 vi
467 1827 489 1874 it

325 1960 638 2011 VIII-QUAESTIONES
651 1960 689 1998 ΙΝ
701 1959 762 1998 RES
775 1959 1229 2009 GESTAS.-coLL0001-3NDA,11'.

337 2069 359 2112 1.
380 2064 476 2111 Nonne
487 2060 634 2111 columbus
646 2062 673 2108 iu
686 2060 833 2108 Amerioam
845 2062 948 2108 vertisse
960 2060 1070 2108 dieitur?

336 2155 360 2199 2.
381 2150 440 2208 Quo
452 2147 599 2198 Columbae
612 2149 715 2195 venisse
726 2144 837 2195 dieitur?

336 2238 359 2282 3.
382 2234 459 2283 Unde
472 2230 619 2281 columbus
631 2231 659 2278 in
672 2229 819 2278 Amerinam
837 2231 924 2278 venit?

337 2321 360 2365 4.
382 2316 448 2375 Quis
460 2315 488 2362 in
501 2315 604 2362 Italiam
627 2315 730 2361 venisse
747 2313 857 2362 dieitur?

336 2405 359 2451 5.
381 2399 494 2459 Quando
505 2398 635 2448 Saturnus
646 2397 674 2444 in
688 2396 790 2445 Italiam
811 2399 914 2445 venisse
923 2396 1031 2445 dieitur?

336 2487 360 2532 6.
381 2484 466 2541 Quam
479 2482 550 2530 haud
562 2481 653 2543 procul
665 2494 679 2528 a
690 2481 812 2529 dauioulo
824 2481 955 2529 eondidit?

338 2571 359 2615 7.
380 2567 451 2614 Num
463 2565 594 2613 Saturnus
605 2578 690 2611 amem
708 2564 825 2611 uendidit
843 2564 932 2627 procul
944 2578 959 2611 a
969 2563 1107 2612 danioulo'?

334 2660 348 2701 8
376 2653 517 2711 Quomodo
528 2666 602 2699 suam
616 2665 700 2698 arcem
717 2651 871 2714 appellavit?

336 2742 359 2782 2.
381 2737 466 2795 Quam
479 2735 524 2782 hie
537 2734 619 2782 Italos
631 2734 732 2796 primus
745 2735 847 2782 docuit?

321 2823 359 2868 10.
379 2819 446 2877 Quis
457 2822 484 2865 te
496 2817 614 2880 linguam
633 2816 753 2863 Latinam
766 2816 855 2864 docet?

320 2908 358 2951 11.
379 2902 446 2960 Quis
457 2904 550 2964 postea
560 2902 588 2947 in
601 2900 653 2947 illis
664 2898 817 2961 regionibus
834 2897 985 2959 imperavit?

320 2992 358 3037 1⁴2.
381 2989 454 3047 Quae
468 2986 568 3035 urbsin
582 2986 641 3033 Asia
654 2984 703 3033 sub
715 2985 765 3032 hoe
777 2998 838 3045 rege
850 2998 939 3032 eversa
948 2987 999 3032 est?

319 3074 357 3119 13.
379 3072 474 3119 Nonne
486 3070 580 3118 Graeci
593 3070 700 3129 Trojam
714 3068 877 3114 everterunt?

319 3162 356 3207 14.
377 3158 462 3216 Quam
474 3157 585 3218 longum
598 3156 651 3202 fuit
662 3153 760 3202 bellum
773 3156 843 3201 inter
853 3154 966 3201 Graecos
977 3158 1003 3201 ot
1011 3155 1156 3215 'l'rojauost

319 3247 357 3290 15.
379 3242 431 3299 Qui
443 3244 522 3303 poeta
534 3238 650 3287 Graecus
662 3238 694 3285 de
706 3238 756 3285 hoo
768 3236 837 3284 bello
849 3238 962 3299 scripsit?

319 3332 358 3377 le.
379 3328 475 3376 Nonne
486 3324 646 3387 agricultura
657 3324 751 3372 melior
763 3328 803 3371 eat
814 3339 892 3387 quam
905 3324 1026 3372 belmunt*

319 3414 357 3458 17.
379 3410 465 3471 GuJ‘us
476 3408 551 3455 filius
563 3407 643 3469 Troja
654 3406 769 3469 aufugit?

319 3497 355 3541 18.
377 3493 472 3541 Nonne
485 3492 581 3538 AEneas
593 3482 822 3553 patremhamsris
834 3491 896 3537 tulit
912 3490 1003 3538 subiit?

319 3587 356 3629 ln.
378 3580 474 3627 Nonne
487 3578 628 3639 Vergilius,
642 3582 719 3639 poeta
731 3578 877 3633 Romanoa,
886 3578 914 3625 id
926 3577 1003 3625 dina

318 3668 357 3710 20.
380 3662 450 3709 Num
464 3660 559 3707 AEness
569 3660 595 3706 in
609 3659 711 3706 Italiam
724 3660 845 3721 pervenit
854 3658 936 3707 solus?

318 3748 356 3791 ⁵31.
379 3743 463 3805 Cujus
477 3740 531 3788 filia
543 3740 640 3787 AEnene
653 3740 680 3788 in
693 3740 890 3787 matrimonium
902 3740 962 3788 data
979 3744 1030 3789 esti

318 3830 357 3872 22.
379 3822 502 3937 Culjus‘tiaeu
516 3824 615 3869 honore
629 3823 722 3869 AEneas
734 3820 834 3880 urbem,
850 3837 928 3884 quam
941 3822 1067 3882 condidit,
1088 3824 1228 3872 Lavinium
1253 3826 1342 3887 appet-

426 3904 468 3937 avi

317 3977 356 4022 23.
378 3972 490 4030 Quando
501 3972 631 4019 Ascanius
642 3984 764 4031 regnum,
776 3970 848 4033 quod
860 3979 933 4033 pater
943 3974 1003 4018 ante
1015 3945 1151 4031 Nabuerat,
1167 3971 1280 4039 aceepit?

317 4059 355 4103 24.
376 4055 461 4111 Quem
475 4052 602 4100 inlocum
615 4052 703 4099 sedern
716 4054 790 4114 regni
802 4052 947 4101 transtulit?
989 4054 1084 4100 Postea
1096 4053 1163 4102 Alba
1174 4054 1267 4115 Longa
1279 4071 1345 4102 cuin

415 4138 502 4184 Roma
514 4134 612 4183 bellum
626 4135 708 4197 gessit
717 4135 763 4183 sed
775 4135 844 4183 victa
853 4140 901 4194 est,
914 4137 1014 4183 nonne?

316 4220 356 4267 25..
378 4220 437 4277 Quo
449 4232 535 4282 usque
548 4217 623 4266 silvii
636 4220 734 4279 posteri
747 4218 826 4265 Albae
846 4221 1031 4281 regnaverunt?

316 4307 356 4350 26.
379 4303 449 4351 Num
462 4300 594 4349 Romulus
605 4305 632 4347 et
642 4302 741 4348 Remus
754 4302 892 4363 pueritiam
903 4306 1087 4363 transegerunt
1097 4303 1125 4349 in
1134 4299 1213 4352 urbe?

316 4388 393 4397 ...ι-υ-

343 4418 401 4455 *can
415 4418 445 4455 Do
456 4416 497 4455 Oa'.
515 4416 571 4454 1:4¹2.
