3334 4900
295 325 319 376 6
681 319 923 371 LATINE.

299 547 521 591 V-AENEIDOS:
536 547 554 586 ΙΔ
583 547 641 586 ORA
652 547 748 587 TIONE
762 547 895 587 SOLUTA.

328 665 395 714 Mihi
402 664 545 714 dieendum
555 669 595 714 est
603 666 635 714 de
646 664 722 715 bellis
732 665 924 728 itineribusque
934 664 1154 728 viri,qui,ejeetua
1164 663 1316 727 [expulsus]

294 746 913 810 divinodeoreteefinibusTrojanorum,multis
921 747 1188 811 perieuliseumterra
1196 745 1317 810 marique

296 836 355 879 turn
361 828 472 878 milities
481 829 620 878 inimicitis
627 844 732 878 sereres
740 828 1008 891 iunonisinsatiabili
1016 829 1042 877 ei
1049 827 1319 892 eomparetis,quibus

295 915 422 980 auspiciis
444 917 585 966 Invinium
607 915 700 964 urbem
717 917 746 964 in
763 915 840 963 Italis
848 913 976 972 uendidit,
989 913 1084 964 iisdem
1101 914 1204 978 primus
1214 914 1317 963 eultum

294 999 406 1048 deorum
428 999 458 1047 in
480 998 557 1047 Letio
580 998 736 1046 constituit:
765 1010 817 1058 que
839 995 941 1058 origine
973 994 1053 1045 hodie
1073 995 1202 1045 habemus
1224 1000 1319 1058 gentes

295 1079 412 1140 istiuas,
426 1083 613 1143 senatoresque
624 1075 809 1141 antiquissime
827 1079 918 1140 stirpe,
930 1075 1046 1140 denique
1061 1075 1130 1126 bane
1141 1076 1234 1126 urbem
1244 1076 1320 1125 orbis

293 1165 424 1211 terrarum
436 1159 616 1209 elatissimam.

361 1244 402 1293 Ne
413 1242 457 1292 eui
474 1245 591 1291 vestmm
612 1240 709 1289 mirum
722 1241 851 1298 ridentur,
865 1241 980 1288 maxime
991 1239 1050 1301 tibi,
1070 1241 1189 1304 Auguste
1208 1241 1317 1301 inclute,

294 1326 369 1390 quod
379 1324 446 1374 mihi
458 1323 557 1374 dicenti
569 1324 601 1373 de
613 1324 689 1372 rebus
700 1323 804 1386 saepius
815 1337 830 1370 e
841 1323 927 1385 poetis
938 1319 1056 1371 metetis
1073 1321 1183 1386 plsoeet,
1197 1327 1228 1372 ut
1245 1337 1319 1373 more

294 1411 406 1474 entique
418 1409 522 1460 Musam
534 1407 656 1474 precibus
663 1409 793 1469 inrooem,
804 1422 872 1472 quae
883 1422 926 1457 me
937 1407 1039 1470 dooeet,
1052 1422 1134 1472 quare
1145 1410 1238 1472 regine
1250 1408 1316 1457 eseli

294 1497 501 1557 Aeneen,rirum
511 1496 609 1545 virtute
618 1495 834 1558 humeniteteque
841 1494 946 1556 eximia,
957 1493 1085 1544 adtantu
1091 1494 1253 1544 salamitetee
1260 1509 1320 1558 per-

294 1583 419 1633 ierendas
434 1582 558 1645 ooegsrit.
593 1581 688 1632 Utrum
701 1579 894 1630 oonsiliiedeae
906 1583 995 1630 neseio
1011 1595 1066 1644 qno
1083 1581 1164 1630 modo
1176 1579 1318 1641 obstitum,

294 1680 329 1716 sn
340 1665 429 1728 ilique
439 1663 518 1728 eulpa
528 1667 663 1727 eomperte
679 1658 803 1726 Troianis
825 1663 892 1712 irate
902 1665 947 1713 sitt
980 1661 1094 1720 Quisest
1115 1663 1185 1724 talis,
1198 1663 1247 1728 qui
1259 1667 1319 1714 tan·

295 1753 351 1798 tam
363 1747 531 1798 inimioitiem
542 1745 600 1795 deis
616 1746 702 1795 inesse
713 1747 814 1795 erodet?

188 2064 195 2109 ·.
297 2042 383 2104 cujus
395 2039 445 2088 iiii·
458 2015 490 2089 ee
504 2038 580 2088 iiiiii
591 2037 785 2102 itineribusque
797 2038 914 2100 vsigiiio
930 2037 1073 2088 sisinium
1082 2040 1141 2088 eiii

188 2141 195 2175 ·.
298 2125 394 2174 Nonne
408 2124 517 2182 Aeneas,
529 2122 609 2172 domo
620 2123 757 2186 profugus,
772 2120 858 2184 primo
880 2120 909 2169 in
932 2120 1114 2170 Macedoniam
1135 2122 1240 2172 venisse
1261 2125 1316 2172 ter·

364 2207 426 2254 turi
461 2205 544 2266 (Liv.,
559 2205 580 2264 Ι,
602 2206 639 2264 1.)

297 2289 393 2339 Nonne
405 2288 497 2337 Livius
514 2291 610 2346 namet,
624 2285 735 2335 eundem
755 2285 829 2336 sedes
842 2290 1010 2350 quaerentem
1020 2287 1051 2336 in
1062 2285 1179 2336 Siciliam
1186 2287 1322 2337 delatum?

300 2372 396 2421 Nonne
408 2370 521 2420 Ovidius
531 2369 603 2419 osuit
614 2375 683 2418 retes
693 2353 829 2430 Troianas,
844 2383 905 2418 eum
922 2369 977 2431 jam
989 2383 1072 2434 prope
1088 2367 1152 2418 litus
1171 2370 1320 2420 Ausonium

365 2457 496 2512 adessent,
509 2453 542 2502 ed
553 2467 612 2501 oras
624 2451 735 2516 Libyeis
747 2456 826 2500 vento
837 2452 952 2501 relatas?
986 2450 1059 2513 (On,
1073 2452 1112 2502 ΙΙ.
1129 2453 1200 2514 XIV,
1215 2457 1268 2508 75.)

299 2538 371 2587 Num
383 2551 430 2586 sua
442 2539 536 2599 sponte
548 2550 562 2583 e
575 2533 672 2583 tinibus
684 2537 739 2583 suis
757 2539 925 2584 excesserunt
935 2534 1061 2597 'l'rojenii

300 2620 365 2676 Quis
377 2618 487 2668 Teucris
498 2618 580 2666 multa
591 2616 708 2680 periente
719 2618 897 2680 comparavit?

300 2707 396 2756 Nonne
406 2706 423 2755 J
424 2721 480 2754 uno
492 2704 601 2754 Teneris
612 2703 695 2752 multa
706 2703 821 2767 pericula
832 2708 859 2752 et
870 2707 939 2751 terra
949 2707 976 2753 et
986 2706 1051 2753 mari
1062 2706 1239 2769 eompareviti

301 2794 396 2843 Nonne
408 2794 425 2843 J
426 2808 480 2841 uno
492 2793 601 2841 Teneris
612 2791 693 2840 multu
705 2791 821 2853 periente
831 2804 888 2837 non
898 2791 984 2839 solum
996 2794 1118 2855 terraque
1129 2791 1257 2855 marique,
1275 2792 1323 2842 sed

366 2875 446 2924 etiam
458 2875 527 2924 bello
539 2873 698 2938 comparavit
709 2875 719 2920 t

302 2960 380 3008 Irene
392 2960 409 3009 J
411 2958 507 3006 unonis
519 2959 546 3005 in
559 2958 664 3005 Aenean
677 2954 833 3005 insatiabilis
850 2955 933 3004 fuisse
944 2954 995 3003 tibi
1007 2954 1126 3003 videturi

192 3057 196 3065 ·
302 3042 398 3091 Nonne
410 3042 519 3098 Aeneas,
542 3039 583 3087 his
594 3037 718 3101 perieulis
729 3036 864 3096 liberatus,
878 3037 1006 3099 oppidum
1022 3037 1161 3087 eondidit?

302 3124 473 3188 Oppidumue
485 3123 519 3171 ab
531 3122 637 3170 nomine
649 3121 739 3169 uxoris
751 3119 891 3168 lavinium
904 3119 1065 3183 appellavit?
1097 3119 1180 3184 (liu,
1194 3120 1218 3181 I,
1233 3121 1278 3181 1.)

304 3214 397 3263 Nonne
408 3214 509 3262 eultum
522 3212 630 3260 deorum
643 3211 672 3259 in
687 3209 763 3259 Latio
779 3209 933 3259 eonstituitt

304 3297 399 3345 Nonne
412 3297 503 3346 Oieero
515 3294 590 3354 dixit,
604 3292 754 3350 Romulum,
768 3292 866 3354 quibus
877 3290 1001 3356 suspieiis
1023 3293 1135 3341 Remum
1157 3291 1260 3354 urbem,
1283 3292 1325 3342 ie-

370 3385 431 3433 dem
441 3383 543 3431 cultum
554 3380 629 3430 Jovis
641 3380 827 3429 eonstituisiiei
862 3379 945 3443 (Cio,
957 3380 1013 3428 Get
1029 3380 1050 3437 Ι,
1071 3382 1124 3441 13.)

304 3468 399 3518 Nonne
411 3466 504 3515 Livius
515 3469 612 3522 narrat,
625 3466 738 3523 Aeneen,
753 3466 783 3510 ut
794 3464 896 3512 animos
914 3462 1081 3525 aboriginum
1098 3462 1150 3511 sibi
1161 3463 1323 3524 eonciliaret,

370 3554 479 3603 Latinos
491 3557 628 3615 utriunque
641 3555 746 3614 gentem
757 3550 946 3614 appellavisset
980 3548 1060 3611 (liin,
1080 3551 1105 3606 1,
1118 3553 1162 3611 7.)

305 3638 400 3687 Nonne
412 3637 542 3687 Romulus
553 3638 654 3701 primus
665 3638 772 3683 eentum
783 3637 925 3692 senatores,
938 3637 1025 3697 putres
1037 3632 1070 3682 ab
1087 3634 1188 3683 honore
1209 3634 1326 3698 appelle·

370 3729 420 3785 tos,
433 3724 549 3773 creavit?
582 3724 662 3787 (niv,
679 3722 699 3780 Ι,
715 3723 751 3782 7.)

305 3808 432 3857 Credisne
444 3807 584 3869 plerosque
601 3808 732 3853 senatores
743 3802 871 3865 sanguine
883 3802 999 3864 Trojano
1007 3804 1096 3851 orioei

305 3892 401 3939 Nonne
414 3889 542 3938 Ascanius
554 3887 645 3935 urbein
657 3887 734 3935 aliern
746 3885 796 3935 sub
809 3885 910 3933 Albano
928 3889 1028 3941 monte,
1052 3899 1120 3949 quae
1142 3885 1236 3949 Longe
1258 3886 1325 3936 Alba

369 3972 507 4036 appellata,
520 3970 657 4020 eondiditi
693 3971 779 4029 (Lir.,
794 3970 815 4028 I,
832 3971 889 4028 30.)

303 4058 399 4106 Nonne
410 4054 491 4103 Rome
502 4054 587 4102 ruinis
599 4052 678 4101 Albae
690 4052 789 4100 ereviti
826 4053 896 4112 (Liv.
913 4051 934 4111 I,
948 4052 1004 4109 30.)
1332 4090 1334 4096 .

304 4142 372 4189 Cum
385 4153 416 4187 ee
427 4142 464 4187 its
476 4138 538 4198 sint,
552 4137 646 4185 licetne
659 4133 736 4183 nobis
752 4136 857 4184 eredere
869 4136 1003 4183 Romanos
1014 4134 1129 4196 Troiana
1141 4133 1224 4198 stirpe
1235 4139 1326 4186 ortost

303 4228 429 4275 Solentne
442 4229 536 4288 poetes
547 4237 648 4271 rnussm
660 4220 782 4285 precibus
793 4222 931 4270 invocaret

305 4310 400 4357 Nonne
412 4307 544 4369 Vergilius
556 4310 620 4364 orat,
646 4308 676 4353 ut
688 4319 762 4353 musa
774 4319 801 4351 se
813 4305 950 4353 certiorem
961 4303 994 4351 de
1007 4302 1093 4352 earnis
1104 4303 1260 4354 inimicitiae
1272 4307 1325 4356 Ju-

370 4375 448 4422 nonis
460 4372 558 4421 iecisti

307 4439 400 4488 Nonne
412 4442 523 4497 constet,
538 4441 642 4485 Aenean
653 4436 737 4483 virum
750 4435 845 4483 eximia
865 4434 961 4482 virtute
979 4434 1196 4498 bumenitateque
1207 4438 1309 4487 fuisse?
