3334 4900
328 323 351 374 6
716 324 957 374 LATINE.

357 531 483 593 Quaeque
494 530 630 592 octoginta
641 545 769 594 equorum
781 531 926 594 potentiam
935 531 1022 578 habet.

359 617 430 664 Num
443 617 487 664 hie
499 617 609 679 longum
621 623 726 682 tempus
737 618 909 667 morabimur.

361 704 480 764 Minime;
495 705 603 767 signum
614 706 693 754 datur
703 705 736 753 ad
749 705 948 770 profectionem:
961 709 1089 752 movetur.

360 788 412 835 Per
422 788 575 836 cuniculum
589 787 740 837 transimus:
755 802 844 836 nonne
856 787 1041 835 tenebrosuml

361 870 419 918 Hoc
431 875 471 918 est
482 870 609 918 citissima
618 884 731 918 currere.

361 952 432 1002 Mille
444 967 570 1016 passuum
583 966 688 1015 quoque
701 955 836 999 momento
847 950 993 999 inferimur.

362 1034 435 1082 Haeo
447 1049 489 1082 me
501 1035 621 1084 celeritas
639 1037 761 1082 exterret.

360 1122 468 1179 Quanto
478 1122 590 1170 celerina
601 1125 675 1169 tanto
687 1119 796 1182 grauium
810 1135 864 1168 non
876 1124 963 1168 nutem
975 1136 1056 1184 aupra
1067 1127 1171 1185 pontes.

361 1204 459 1252 Vereor
470 1218 504 1252 ne
515 1203 637 1252 machina
648 1202 741 1250 ferreis
753 1202 882 1265 longuriis
893 1209 1021 1266 erumpat.

360 1285 422 1334 Noli
434 1301 538 1349 μικτος
552 1300 688 1349 nunquam
701 1285 762 1334 talia
774 1287 802 1332 in
813 1285 933 1334 America
943 1286 1073 1334 accidunt
1151 1288 1184 1336 H.

331 1485 520 1528 VII-“LOCUS
539 1488 581 1527 TU
583 1484 643 1526 USJ'

392 1574 507 1636 Capella,
522 1577 596 1623 stane
607 1573 635 1621 in
647 1577 717 1621 tecto
729 1573 834 1632 domna,
846 1573 939 1636 lupum
951 1573 1019 1621 vidit
1041 1577 1253 1637 praetereuntem.
1268 1578 1297 1622 et
1312 1575 1352 1622 lu·

326 1639 453 1688 difieavit.
473 1639 526 1688 Sed
536 1639 623 1702 lupus,
641 1639 721 1688 “Non
733 1640 787 1699 tn,”
795 1639 893 1702 inquit,
906 1639 972 1688 “aad
983 1639 1057 1688 loeua
1068 1643 1138 1700 tuus,
1152 1654 1194 1688 me
1205 1639 1351 1688 ludificat”

394 1745 448 1795 Ubi
459 1747 519 1792 stol
533 1744 575 1804 (in
586 1743 728 1804 tabulato.)
794 1745 865 1793 Num
876 1748 930 1793 atae
942 1745 998 1805 (tu)
1009 1745 1039 1793 in
1051 1748 1124 1793 teoto
1135 1747 1148 1793 l

393 1829 464 1876 Num
476 1827 547 1890 (ille)
561 1826 653 1874 stetin
664 1827 753 1874 toetol
793 1826 888 1876 Nonne
899 1827 999 1889 capella
1009 1828 1096 1875 stabat
1107 1828 1136 1874 in
1148 1831 1218 1875 teoto
1236 1827 1352 1875 domus?

393 1911 465 1967 Quot
481 1909 595 1972 capellae
616 1907 722 1956 stabant
733 1909 762 1956 in
774 1911 866 1958 teoto?
930 1900 1000 1958 Num
1016 1914 1071 1958 trae
1093 1910 1208 1972 capellae
1224 1909 1353 1959 atabmtl

392 1997 463 2045 Num
480 1994 584 2045 stabam
602 1994 632 2042 in
653 1995 741 2043 teoto?
806 1995 877 2045 Num
889 1995 977 2045 etabaa
988 1995 1016 2044 in
1028 1998 1119 2044 teotol

392 2079 488 2128 Nonne
511 2077 611 2142 capella
632 2082 705 2126 stane
727 2077 755 2125 in
766 2081 838 2126 teoto
854 2078 948 2126 domua
966 2078 1059 2142 lupum
1071 2078 1158 2127 vidit?

393 2162 487 2211 Nonne
502 2176 546 2209 me
558 2161 654 2208 videet
731 2161 769 2209 Te
793 2161 878 2208 video.
924 2161 1063 2220 Quomodo
1086 2176 1129 2210 me
1150 2161 1242 2211 videat

391 2245 463 2294 Num
475 2243 575 2306 capella
586 2257 627 2290 me
640 2241 726 2291 vidit?
793 2243 864 2301 Quot
875 2244 987 2306 capellae
998 2244 1093 2292 videet

392 2333 463 2380 Num
480 2331 556 2379 vides
566 2330 632 2378 duaa
653 2331 787 2392 capellas?
873 2331 943 2379 Num
955 2330 1031 2380 videa
1044 2346 1123 2379 unam
1136 2332 1285 2394 capellam?

393 2418 488 2467 Nonne
511 2415 610 2479 oapella
622 2415 714 2479 lupum
727 2415 812 2464 viditl
879 2416 962 2474 Quem
974 2417 1074 2481 capella
1086 2417 1172 2466 viditl

392 2501 507 2549 Videsne
519 2500 632 2558 lupum?
666 2500 805 2548 Praetereo.
842 2500 936 2548 Nonne
954 2514 997 2547 me
1020 2499 1095 2549 video
1105 2503 1319 2567 prater-euntem?

392 2584 487 2631 Nonne
499 2581 600 2643 capella
610 2579 702 2643 lupum
716 2581 782 2629 vidit
799 2584 1031 2644 praetereuntem?
1064 2582 1132 2641 Quia
1142 2582 1319 2646 praeteribat?

393 2666 488 2716 Nonne
500 2665 580 2728 lupus
588 2663 765 2726 praeteribatl
782 2664 877 2712 Nonne
889 2664 1266 2729 lupuepraeterienaoapellam
1274 2665 1352 2713 viditl

392 2748 487 2797 Nonne
499 2748 579 2809 lupus
589 2746 716 2808 capellam
728 2745 796 2793 vidit
807 2750 920 2794 stantem
938 2747 966 2795 in
986 2750 1058 2795 teoto
1070 2750 1081 2796 i

392 2830 465 2888 Quae
488 2829 653 2877 ludificavit?
720 2828 805 2885 Quem
818 2828 984 2877 ludificavit?

393 2917 466 2975 Quae
478 2919 550 2965 stane
563 2916 591 2963 in
604 2920 673 2964 tecto
686 2916 781 2964 domus
797 2916 890 2977 lupum
908 2915 1053 2964 ludificavit
1073 2919 1303 2980 praetereuntem?

392 3000 577 3061 Intelligianel
643 3000 681 3047 Te
693 2998 800 3046 luditioo
812 2999 885 3060 quod
898 3013 951 3046 non
969 2998 1106 3061 intelligis.

392 3082 488 3130 Nonne
499 3082 579 3143 lupun
590 3080 716 3143 capellam
730 3081 796 3128 vidit
807 3080 986 3128 ludificantem
997 3081 1008 3128 l
1050 3081 1121 3139 Quid
1134 3082 1212 3144 lupua
1223 3082 1333 3146 iuquit?

393 3165 464 3223 Quid
477 3165 569 3227 lupum
580 3164 745 3211 ludificavit?
779 3163 873 3211 Nonne
886 3163 959 3212 locus
970 3165 1084 3227 capellae
1096 3169 1153 3213 erat
1163 3165 1191 3213 in
1205 3168 1287 3215 teoto?

392 3254 452 3311 Quo
464 3254 493 3300 in
504 3252 563 3299 looo
575 3250 662 3299 stabat
673 3250 790 3312 capellal

391 3338 487 3385 Nonne
499 3335 573 3383 loeus
584 3334 698 3396 capellae
710 3334 803 3396 lupum
815 3334 981 3382 ludificavitl

330 3517 617 3559 l'lll-FRANCISCUS.
646 3517 823 3557 AUGUSTUS.

390 3603 594 3653 Fr.-Habesne
606 3603 706 3650 bonum
724 3605 920 3651 atramentum?
938 3606 1028 3654 amice.
1065 3606 1250 3654 Au-Habeo,
1286 3606 1352 3655 F.-

326 3688 408 3737 Visne
419 3688 485 3735 mihi
508 3688 569 3735 dare
588 3686 800 3749 aliquantulum?
834 3688 972 3736 A.—Ehol
988 3704 1042 3736 nou
1062 3688 1162 3737 habeat
1196 3688 1352 3738 F.-llabeo

325 3772 443 3834 quidem,
456 3770 546 3818 sedeo
558 3784 612 3817 non
624 3783 733 3828 possum
746 3769 868 3818 scribere.
906 3771 1027 3819 A.—Gur
1038 3772 1112 3819 noni
1129 3772 1264 3829 R-Quia
1271 3772 1353 3821 nimis

324 3854 440 3915 spissum
454 3856 502 3901 est.
539 3851 716 3913 A.-P0rrige
728 3852 940 3900 atramentarium
952 3856 1035 3914 tuum;
1050 3868 1100 3916 ego
1125 3855 1265 3903 infundam
1289 3854 1349 3903 tibi.

326 3937 461 3985 F.-Ecce
473 3936 599 3983 infunde!
614 3934 678 3982 vah!
695 3949 775 3997 quam
786 3934 917 3997 liquidum
929 3940 976 3983 eat.
1014 3936 1074 3984 Sed¹
1090 3936 1233 3986 admodum
1246 3937 1354 3987 decolor

326 4034 383 4069 esse
395 4019 507 4067 videtur.
545 4018 696 4066 A.—Erras:
712 4017 776 4066 salia
787 4019 894 4079 nigrum
906 4018 960 4077 fiet,
974 4018 996 4067 si
1014 4018 1093 4067 modo
1116 4019 1184 4068 bene
1206 4020 1352 4069 miscueris.

327 4100 463 4161 F.-Feci,
477 4104 504 4147 et
516 4097 598 4161 probe
609 4098 712 4148 miscui.
737 4100 881 4149 A.—Nunc
892 4103 935 4150 fao
946 4102 1093 4165 perieulum
1105 4105 1133 4149 et
1144 4101 1229 4150 acribo
1240 4102 1349 4166 aliquid.

326 4185 471 4234 F.-Diota
483 4183 550 4231 mihi
562 4182 677 4245 aliquam
690 4182 856 4233 sententiam.
893 4184 1127 4249 A.—Eaperieatia
1139 4192 1175 4233 eet
1187 4201 1269 4233 rerum
1281 4202 1353 4248 mug-

326 4269 399 4315 istru.
435 4265 611 4321 F.-Sorinsi.
648 4266 920 4329 A.—Nuneexpeota,
935 4269 999 4316 dum
1011 4268 1142 4329 aoriptura
1153 4267 1220 4315 bene
1238 4267 1353 4316 desicata

326 4351 415 4398 fuerit.
452 4349 520 4397 Vide
532 4362 612 4411 quam
624 4347 700 4409 nigra
712 4349 749 4395 fit.
784 4349 953 4399 F.—Sieest.
989 4351 1127 4412 A.-Ergo
1147 4350 1229 4411 vides,
1250 4351 1354 4414 experi-

326 4437 425 4485 entiam
439 4450 495 4485 eesa
508 4450 596 4483 rerum
609 4436 771 4497 magistram.
