3334 4900
661 331 901 382 LATINE.

1264 328 1287 380 3

367 543 463 592 Nonne
475 543 591 590 maximo
603 555 665 590 oum
677 539 779 590 studio?
803 539 870 598 Quis
880 539 994 588 frustula
1005 538 1119 601 aecipiti

368 624 463 682 Qualia
474 625 590 673 frustula
602 624 699 687 aooipit
717 623 831 672 catulus?
862 655 867 665 -

369 707 481 762 Quando
493 707 597 755 eatuius
609 705 725 756 inustula
735 706 832 768 accipit
844 704 960 767 egregia?

370 788 436 846 Quis
448 789 537 838 estulo
548 789 665 837 frustula
675 788 740 837 dat?
768 787 833 844 Quia
844 787 1026 836 collaudatur?

371 870 439 930 Quis
450 871 643 935 permulcetur?
677 869 742 926 Quis
752 870 873 918 fovetur!

371 959 468 1008 Nonne
479 957 584 1008 catulus
595 957 785 1006 oollaudatura
796 955 918 1005 domino?

371 1048 395 1094 A
407 1058 462 1108 quo
473 1044 673 1108 permuloeturi

372 1135 469 1184 Nonne
480 1134 586 1184 eatulus
596 1133 700 1197 gremio
712 1132 815 1182 domini
826 1133 944 1181 fovetur?

372 1218 446 1267 Num
469 1217 562 1267 asinus
584 1215 757 1278 eollandatur‚
782 1216 960 1280 permnloetur
987 1219 1065 1279 atque
1088 1217 1192 1280 gremio

471 1301 601 1350 fovetur?

373 1379 439 1438 Quis
450 1382 568 1432 eetulum
579 1380 730 1432 oollaudati
758 1381 930 1430 Permuloeti

374 1473 445 1522 Num
457 1472 584 1522 dominus
596 1473 701 1522 asinum
713 1473 868 1537 permuioeti

374 1554 440 1611 Quis
452 1555 594 1604 commoda
604 1569 711 1619 semper
725 1554 837 1618 prraviti

373 1637 469 1696 Qualia
480 1639 622 1686 commoda
633 1639 797 1700 comparavit
808 1637 909 1685 asinuai

374 1720 426 1770 Oui
437 1721 578 1769 eommoda
590 1722 706 1770 maxima
716 1720 880 1783 eompararit
896 1721 997 1768 minua?

373 1811 453 1869 Quali
465 1810 576 1860 domino
588 1811 729 1860 commoda
741 1812 855 1859 maxima
866 1810 1048 1874 eomparariti

373 1901 581 1966 Comparavitne
594 1902 712 1951 maxima
723 1900 863 1950 eommoda
873 1901 973 1950 catulo?
1001 1901 1077 1960 Quali
1092 1904 1189 1952 catulo?

373 1984 527 2034 Abstulitne
538 1987 630 2034 asinus
641 1985 789 2048 quidquam
800 1985 919 2048 praemiii

373 2067 470 2116 Nonne
481 2081 577 2130 parum
590 2066 684 2116 hordei
701 2065 823 2116 abstulitt

373 2149 471 2198 Nonne
483 2149 552 2199 asini
564 2150 695 2200 hordeum
713 2150 885 2200 manducanti

374 2240 458 2288 Estne
470 2255 566 2304 parum
577 2240 671 2289 hordei
689 2240 804 2290 multum
813 2240 935 2302 praemiii

374 2321 472 2371 Nonne
484 2322 610 2372 dominus
621 2324 743 2386 ingratus
754 2324 805 2373 esti
833 2323 919 2380 Quare
930 2324 1033 2372 catulus
1041 2329 1081 2372 est
1090 2324 1191 2372 beatus?

375 2404 454 2463 Quod
466 2402 581 2456 frustula
594 2409 701 2470 egregia
712 2409 776 2457 sunt
788 2406 900 2455 multum
910 2406 1019 2470 praemii,
1033 2409 1132 2457 nonne?

374 2490 472 2538 Nonne
483 2490 588 2539 catulus
599 2492 641 2538 est
652 2489 762 2550 calidus,
775 2490 912 2553 superbus,
927 2488 1030 2539 beatus?

373 2574 471 2623 Nonne
479 2573 606 2624 dominus
617 2574 723 2624 asinum
735 2575 849 2639 pessime
860 2576 965 2624 traoiati
981 2619 983 2626 ,

373 2658 471 2706 Nonne
482 2659 574 2707 asinus
586 2673 601 2707 a
612 2658 701 2707 oatnlo
712 2658 827 2721 pessime
844 2660 981 2706 metaturi

376 2741 430 2801 Qui
440 2741 546 2790 asinum
561 2740 680 2803 pessime
696 2741 822 2790 tractent?

376 2824 472 2873 Nonne
485 2823 616 2873 beneficia
628 2823 698 2873 asini
714 2838 777 2887 erga
799 2823 866 2872 hanc
885 2823 1013 2872 familiam
1037 2826 1147 2872 maxima
1164 2830 1190 2873 et

474 2914 547 2963 varia
562 2916 637 2963 santi

375 2999 446 3049 Num
459 3000 607 3063 praemium
621 2999 811 3067 beneficiorum
823 3000 942 3063 aceepit?

376 3083 449 3142 Quot
460 3082 541 3132 eatuli
553 3082 658 3132 suntin
669 3082 772 3131 fabular
805 3081 876 3140 Quot
887 3082 965 3131 asinii

377 3164 452 3222 Quae
464 3166 562 3213 dantur
573 3165 680 3214 eatulisi
714 3164 785 3224 Quid
796 3166 874 3213 datur
885 3165 977 3214 asinis?

376 3254 451 3303 Nona
463 3254 567 3305 catulus
578 3259 618 3305 est
635 3270 779 3305 conservus
791 3256 869 3304 asinii

377 3339 463 3398 Quem
473 3338 565 3388 asinus
576 3338 741 3390 imitabitur?
758 3338 964 3387 Adamabiturne
976 3341 1064 3387 asinus
1076 3341 1191 3404 quoque?

375 3424 472 3474 Nonne
483 3424 575 3474 asin'us
586 3426 670 3473 intrat
685 3425 783 3473 atrium
794 3425 898 3473 domusi

375 3507 472 3556 Nonne
482 3506 624 3556 dominum
636 3505 665 3554 in
677 3506 745 3555 atrio
758 3506 842 3555 videt?

375 3590 471 3640 Nonne
485 3591 612 3639 dominus
623 3590 698 3639 sedet
708 3591 736 3638 in
749 3590 826 3639 atrio?

375 3682 462 3740 Quem
473 3680 547 3731 videt
558 3679 651 3730 asinus
661 3680 798 3730 sedentem
814 3682 843 3729 in
854 3683 932 3730 atrior

374 3764 480 3830 Lingua
492 3764 560 3814 asini
572 3763 668 3814 lambit
678 3764 827 3825 dominum,
840 3767 939 3813 nonne?

374 3848 471 3898 Nonne
483 3846 575 3898 asinus
586 3847 716 3897 ridiouiua
727 3848 777 3897 esu
805 3846 868 3903 Quia
879 3853 919 3896 eet
930 3847 1094 3911 perterritus?

374 3933 507 3985 irritatus!
540 3934 729 3984 Perturbatusi
761 3935 887 3983 Vexatusi

374 4017 447 4075 Ques
457 4032 519 4067 erus
530 4016 622 4067 statim
639 4017 728 4066 vooati

374 4100 471 4149 Nonne
482 4099 580 4149 famuli
592 4099 729 4149 numerosi
741 4102 769 4148 et
779 4098 860 4148 validi
871 4112 933 4147 mox
947 4101 1096 4147 accurrunt?

376 4186 463 4249 Cujus
474 4186 582 4236 dorsum
594 4185 697 4236 baculis
707 4189 815 4249 petunt?
849 4186 883 4235 Et
898 4187 980 4235 saris?

374 4278 457 4327 Estne
468 4276 561 4327 asinus
572 4276 679 4326 beatus?
708 4275 795 4334 Quare
806 4276 896 4326 asinus
907 4281 947 4326 eat
958 4277 1025 4326 male
1037 4277 1178 4327 mulcatur?

372 4360 428 4412 Ubi
441 4360 585 4410 clauditur?
618 4362 679 4420 Quo
691 4361 823 4424 privatur?

372 4447 470 4496 Nonne
480 4446 570 4495 fatum
582 4448 624 4495 est
636 4444 747 4493 malum!
