3334 4900
712 311 958 362 LATINE.
1318 311 1339 359 7

315 518 516 582 rempublicam
528 517 713 582 postulavisse.
760 517 814 566 Sed
830 529 912 578 quam
930 516 1029 565 multos
1045 515 1129 564 inisse
1146 520 1276 579 putarent,
1290 516 1336 578 qui

314 615 382 663 quae
390 599 632 663 ipsedelerretuou
640 599 790 649 eraderent!
801 598 887 657 Quam
895 599 1002 658 multos,
1009 597 1057 661 qni
1065 598 1145 647 etiam
1154 598 1336 647 defenderent.

315 682 414 746 [Quam
426 683 533 743 multos,
547 684 595 746 qui
606 685 717 746 propter
735 681 935 744 improbitatem
944 680 1098 743 faverent]l
1131 683 1168 730 Ao
1176 683 1208 740 si,
1219 681 1265 729 illo
1276 679 1338 729 snb-

315 763 377 824 lato,
390 763 489 828 depelli
500 764 533 813 ab
544 763 584 814 eis
595 779 675 814 omne
687 765 833 828 perieulum
844 764 986 830 indiceret,
996 763 1155 828 Mpridem
1165 777 1193 812 sa
1205 764 1235 813 L.
1250 763 1339 812 Catili-

315 864 377 898 nam
388 865 444 900 nou
455 851 536 900 modo
546 850 664 900 insidiae
675 865 747 913 snae,
762 866 855 901 verum
867 852 947 900 etiam
959 851 1030 900 ritae
1040 849 1159 914 perionlo
1174 849 1337 899 sublaturum

315 933 407 984 fnisse.
443 933 496 984 Sed
507 949 589 998 quum
601 934 712 996 videret,
725 949 760 984 ue
772 935 811 985 eis
822 935 930 1000 quidem
940 932 1067 983 omnibns
1077 946 1107 981 re
1118 932 1198 981 etiam
1210 937 1267 981 tum
1280 947 1339 996 pro-

315 1019 387 1078 bata,
403 1019 523 1082 sillium,
536 1025 568 1070 ut
579 1023 650 1071 esset
661 1021 782 1084 meritus,
795 1025 879 1071 morte
890 1021 1038 1080 multasset,
1051 1020 1118 1079 iore,
1132 1023 1162 1068 nt
1180 1019 1252 1068 illius
1274 1020 1340 1068 aoni-

315 1126 345 1159 os
357 1110 458 1160 invidia
468 1125 613 1175 oppressus
624 1111 749 1176 persequi
760 1126 814 1161 uon
826 1115 924 1176 posset,
937 1125 967 1161 se
983 1125 1040 1160 rem
1052 1109 1115 1158 illua
1137 1109 1285 1164 deduxisse,
1310 1123 1339 1157 ut

315 1197 373 1242 tum
386 1193 473 1257 palam
484 1207 604 1257 pugnare
616 1197 735 1258 possent,
748 1208 831 1259 quum
855 1194 959 1243 hostem
976 1196 1066 1257 aperte
1085 1191 1217 1241 riderent.
1255 1193 1339 1252 Quem

316 1274 425 1339 quidem
438 1289 519 1339 qusm
531 1275 706 1326 vehementer
715 1276 784 1326 toris
794 1291 852 1326 esse
860 1275 1010 1326 timendum
1022 1278 1135 1339 putaret,
1147 1274 1227 1323 lisere
1237 1279 1268 1323 ut
1279 1274 1341 1322 illuc

315 1357 503 1422 intelligerent,
516 1357 591 1422 quod
600 1357 669 1408 illud
679 1359 760 1409 etiam
770 1358 882 1408 moleste
892 1360 984 1420 terret,
1003 1358 1076 1422 qnod
1087 1372 1119 1406 ex
1131 1356 1196 1405 urbe
1212 1356 1282 1418 (ille)
1296 1371 1342 1420 pa-

315 1459 375 1493 rum
386 1443 528 1494 eomitatus
546 1443 652 1506 exisset,
672 1461 698 1494 aa
711 1445 773 1494 nette
785 1453 811 1493 st
823 1445 869 1495 ille
890 1459 981 1495 senum
1003 1459 1065 1494 suas
1088 1443 1178 1508 eopias
1197 1444 1339 1493 eduxisset

222 1532 225 1540 '
316 1526 395 1576 Illum
407 1525 562 1590 Tongilium
574 1526 754 1585 sibiduxisse,
767 1542 846 1591 quem
858 1541 946 1577 amare
957 1527 986 1576 iu
1009 1531 1144 1591 praetexta
1165 1525 1338 1590 ooepioeet.-

316 1607 467 1662 Publioinm
479 1613 507 1660 et
517 1609 678 1672 Minucium,
691 1625 807 1675 quorum
817 1625 863 1660 aes
873 1611 989 1659 alienum
1001 1613 1165 1659 oontraotum
1188 1612 1217 1659 iu
1239 1609 1337 1674 popina

315 1692 419 1742 nullum
441 1692 603 1757 reipublioae
627 1696 731 1744 motum
754 1693 848 1742 stlerre
875 1697 973 1757 posset,
1004 1683 1079 1742 illum
1106 1691 1243 1755 reliquisse
1270 1706 1338 1754 qnos

315 1775 395 1837 viros,
412 1779 514 1839 quanto
530 1789 591 1824 aere
608 1773 705 1836 aliano,
725 1789 805 1840 quam
817 1775 944 1837 valentes,
957 1789 1038 1841 quam
1048 1773 1159 1824 nobiles.

316 1890 614 1933 x-srnoNrMA-oe
624 1890 686 1932 seua
700 1891 797 1942 cauea,
810 1891 832 1941 ι,
844 1891 882 1940 rr,
895 1891 942 1942 111,
956 1892 998 1931 w.

381 1976 520 2038 Inductus,
531 1976 671 2037 adduotus,
681 1975 806 2040 permoti,
819 1981 972 2026 nommetus
988 1977 1024 2036 11,
1043 1979 1068 2026 2.

381 2057 524 2120 Finitimia,
537 2058 668 2122 proximis
680 2057 843 2118 civitatibus,
856 2057 1109 2123 propinquitatibus
1130 2059 1167 2117 ΙΙ,
1186 2061 1209 2106 4.

379 2142 513 2205 Regnum,
525 2142 678 2205 imperium,
692 2155 823 2190 summam
836 2140 951 2205 imperii.
971 2142 1009 2202 ΙΙ,
1022 2144 1067 2202 233
1087 2142 1138 2201 111,
1154 2145 1191 2190 ΙΙ.

382 2224 441 2282 Qua
451 2221 484 2272 de
495 2237 582 2283 eausa,
596 2221 640 2272 his
650 2221 739 2283 rebus,
753 2237 850 2286 quaer
861 2228 945 2287 parte,
958 2222 1101 2287 quibusde
1113 2220 1199 2271 rebus.
1237 2222 1289 2281 111,
1314 2226 1338 2270 l).

446 2319 478 2355 ea
488 2304 522 2354 de
533 2318 620 2364 musa
646 2304 697 2366 111,
711 2308 762 2365 173
789 2305 889 2370 quibus
899 2304 988 2362 rebus,
1008 2306 1054 2364 IV,
1069 2310 1116 2366 24;
1148 2304 1339 2363 hisdenensis,

447 2386 494 2451 IV,
510 2389 540 2437 ΙΙ
550 2406 557 2451 3
577 2387 627 2436 lrao
637 2401 675 2450 re,
689 2386 737 2446 IV,
751 2390 775 2451 23
800 2389 859 2453 ejus
870 2389 908 2436 rei
919 2401 1006 2449 eausa
1021 2388 1068 2442 lv,
1081 2391 1105 2448 93
1135 2387 1170 2435 ob
1181 2388 1227 2436 has
1238 2400 1338 2444 causae,

450 2472 496 2533 w,
512 2474 552 2520 24.

382 2554 484 2606 Galliae
493 2554 593 2612 omnis.
606 2552 708 2603 Galliae
720 2554 811 2611 totius,
825 2553 927 2605 dietum
939 2557 990 2608 est,
1006 2557 1068 2602 ante
1091 2553 1337 2611 demonstravimus,

449 2637 488 2694 ΙΙ,
502 2640 542 2687 22.

386 2718 559 2779 Qnotidiauis
571 2722 632 2781 eto,
649 2718 758 2779 ootidie,
777 2719 951 2780 eto.,111,17
986 2710 990 2718 ’

382 2806 535 2874 Aquitanis,
549 2807 572 2869 I,
587 2810 611 2868 1;
640 2820 710 2871 qnae
732 2820 802 2870 pars,
814 2810 877 2868 eta,
891 2806 943 2866 ΠΙ,
958 2803 998 2866 20,
1040 2808 1106 2860 tere.
1120 2819 1211 2869 paene,
1237 2806 1272 2862 ΙΙ,
1300 2806 1338 2853 lll!

447 2905 541 2955 prope,
554 2889 591 2950 11,
605 2889 645 2938 82.
680 2890 811 2959 Reliquos
822 2888 915 2939 Gallos
926 2889 1024 2951 virtute
1035 2889 1203 2953 praecedunt,
1228 2889 1340 2937 tortissi-

446 2972 485 3023 mi
496 2974 568 3033 suut,
581 2986 694 3036 magnae
706 2972 822 3033 virtutis,
836 2972 873 3028 ΙΙ,
887 2975 925 3033 15;
957 2972 1056 3021 virtute
1067 2971 1159 3034 opinio
1171 2975 1210 3020 est
1222 2971 1339 3034 singule-

449 3056 494 3112 ris,
508 3054 546 3117 ΙΙ,
559 3058 600 3117 24,
615 3054 682 3105 'oum
694 3056 792 3105 virtute
809 3054 934 3104 omuibus
944 3058 1115 3119 praestarent.
1133 3055 1155 3114 Ι,
1169 3058 1192 3103 2.

383 3144 431 3193 Vir
440 3141 556 3202 virtutis,
566 3132 618 3203 11'1,
632 3146 656 3204 ἧς
676 3142 821 3206 plurimum
830 3146 929 3191 virtute
940 3142 1035 3201 valere,
1047 3142 1083 3200 ΙΙ,
1095 3144 1119 3201 43
1138 3141 1167 3189 iu
1179 3141 1275 3189 virtute
1288 3157 1340 3205 qua

448 3225 527 3276 faoile
535 3223 705 3289 superabant,
716 3225 768 3285 111,
783 3227 823 3286 14,
837 3240 892 3273 nou
912 3224 1015 3285 timida,
1031 3225 1082 3282 ΙΙΙ,
1096 3228 1136 3283 ‘253
1161 3224 1273 3283 fortiter,
1290 3226 1340 3286 ΙΙΙ,

449 3311 488 3357 21.
522 3307 673 3357 Plurimum
685 3311 803 3371 possent,
817 3308 840 3369 1,
853 3311 878 3368 33
908 3306 1016 3357 initium
1028 3307 1108 3371 oepit,
1122 3308 1145 3367 Ι,
1172 3312 1193 3367 l,
1211 3309 1340 3368 oriuntur,

449 3390 509 3452 1,1;
529 3389 665 3453 pertinent
676 3392 704 3439 et
714 3388 833 3452 attingit,
848 3390 870 3444 Ι,
885 3394 908 3439 Ι.

383 3471 514 3523 Perfacile
525 3486 591 3532 ease,
606 3472 630 3529 Ι.
642 3476 667 3533 2,
681 3470 807 3535 perfacile
820 3473 895 3521 faotu
906 3479 973 3527 esse,
993 3469 1013 3531 Ι,
1026 3474 1051 3520 3.

384 3556 479 3605 Totius
490 3554 591 3604 Galliae
603 3553 718 3617 imperio
730 3553 821 3617 potiri,
839 3552 861 3612 Ι,
876 3558 900 3615 2;
921 3559 1004 3603 totius
1015 3554 1117 3602 Gallina
1130 3554 1217 3615 poliri,
1234 3556 1254 3613 Ι,
1268 3558 1291 3603 3.

383 3638 444 3687 Non
456 3650 513 3687 esse
524 3635 645 3698 dubium,
658 3634 677 3696 Ι,
691 3638 715 3697 3;
736 3635 914 3685 dubitandum
926 3651 982 3685 uon
997 3636 1166 3694 existimavit,
1181 3638 1202 3695 Ι,
1218 3643 1240 3686 2.

385 3720 479 3769 Totius
491 3719 594 3770 Galliae
605 3734 662 3769 sese
674 3718 755 3784 potiri
768 3734 846 3782 posse
857 3724 972 3782 sperant,
987 3720 1008 3774 1.
1022 3722 1046 3778 3,
1065 3734 1126 3782 spes
1137 3720 1257 3782 potiundi
1267 3722 1342 3783 oppi-

450 3802 478 3851 di
490 3802 527 3864 11,
542 3805 565 3859 7,
580 3816 655 3866 spem
665 3801 857 3865 potiundorum
868 3805 1023 3858 castrorum,
1039 3802 1088 3860 ΙΙΙ,
1103 3804 1126 3863 6;
1147 3804 1179 3851 ad
1191 3804 1343 3851 effeminan-

450 3886 499 3934 dos
510 3884 623 3944 auimos,
633 3884 655 3944 Ι,
671 3888 694 3945 Ι,
713 3884 913 3948 relauquesoere
933 3885 1038 3933 animos
1057 3888 1084 3933 et
1094 3885 1194 3933 remitti
1208 3886 1338 3942 virtutem,

451 3951 543 4011 11.15;
562 3949 728 3999 adlaborem
753 3950 894 3998 terendum
917 3951 1100 3999 remollesoere
1122 3951 1243 4000 homiues
1264 3958 1343 4013 atque

452 4017 601 4065 effeminari
612 4015 782 4075 arbitrantur,
795 4016 841 4075 ΙΙΙ,
861 4018 885 4076 23
905 4015 1059 4079 longissime
1079 4015 1184 4077 absunt,
1210 4018 1231 4075 l,
1258 4016 1279 4077 Ι,
1298 4032 1347 4064 ex-

449 4080 542 4131 tremis
554 4079 665 4136 fluibns.
678 4082 700 4141 Ι,
716 4084 738 4138 lt
759 4080 868 4129 ultimae
879 4081 1009 4141 nationes,
1029 4081 1082 4138 ΙΙΙ,
1099 4082 1139 4141 213

385 4146 424 4199 ΙΙ.
438 4146 551 4197 Messala
563 4150 590 4195 et
601 4147 630 4195 Μ
651 4147 749 4196 Pisone
761 4144 924 4206 oonsulibus,
936 4146 958 4206 Ι,
973 4150 996 4205 2,
1006 4147 1051 4210 qui
1062 4148 1115 4196 init
1126 4161 1211 4196 annus
1219 4146 1251 4197 G.
1267 4146 1344 4195 Pom·

458 4212 528 4276 peio,
550 4212 591 4261 Μ.
608 4211 713 4271 Crasso,
726 4211 892 4270 oonsulibus,
906 4212 955 4271 lv,
971 4216 994 4261 l.

386 4278 479 4329 Fidem
493 4281 521 4326 et
530 4277 718 4342 jusjurandum
731 4276 804 4335 dant,
818 4277 841 4335 Ι,
860 4280 884 4337 3;
904 4277 1077 4341 jurejurando
1089 4277 1167 4325 fidem
1180 4278 1292 4325 fecisset.
1308 4278 1344 4326 ΙΙ·

456 4348 494 4405 ΙΙ,
514 4342 698 4392 nobilissimus
709 4344 771 4398 luit,
791 4343 812 4401 I,
826 4346 850 4402 9,
862 4342 1026 4405 amplissimo
1035 4357 1130 4405 genere
1142 4349 1227 4401 uetus,
1243 4343 1288 4404 ΙΙ,
1306 4349 1341 4391 12.

386 4410 495 4469 Omnes,
509 4409 567 4471 1,1;
587 4408 714 4470 universi,
732 4408 779 4466 ΙΙΙ,
792 4412 824 4456 25
836 4415 864 4457 at
877 4411 917 4457 26.
