3334 4900
801 330 1047 381 LATINE.

407 537 535 599 Coegitne
548 537 596 584 dea
607 537 714 586 Aenean
726 537 759 585 ad
770 537 932 586 calamitates
943 537 1133 600 perferendas?

406 619 535 681 Ooegitne
546 619 595 667 dea
607 622 713 668 Aenean
725 619 887 668 calamitates
898 621 1030 683 perterret

406 701 536 763 Coegitne
547 701 596 770 dea¹
608 703 726 757 Aenean,
750 706 781 749 ιιι
799 701 961 750 calamitates
977 704 1124 767 perferretl

407 782 536 831 Credisne
545 783 664 832 consiliis
674 783 792 832 iunonis
804 783 859 832 ullo
870 784 951 832 modo
962 785 1091 833 obstitum
1104 785 1180 832 esset

407 873 545 938 Numquid
557 878 586 922 tu
597 873 711 934 dubitas,
724 874 790 938 quin
807 876 882 924 June
893 875 1018 939 trojanis
1043 876 1110 924 irata
1120 876 1173 924 siti

407 955 545 1012 Credisne,
557 957 645 1020 aliqua
657 957 735 1020 culpa
746 961 889 1020 comperta,
902 957 1037 1006 «lunonem
1048 959 1171 1022 {trojanis
1181 957 1279 1006 iratum
1291 959 1302 1005 l

409 1039 505 1088 Utrum
525 1038 598 1087 Juno
607 1038 732 1102 troianis
743 1039 810 1088 irata
822 1044 871 1100 est,
896 1041 970 1103 quod
986 1041 1102 1104 aliquam
1112 1040 1217 1104 culpam
1230 1041 1433 1100 contraxissent,

471 1135 506 1169 an
519 1121 591 1185 quod
602 1121 658 1170 suis
669 1121 787 1170 consiliis
798 1121 947 1170 obstituml
1193 1131 1196 1136 '

407 1202 477 1250 Num
489 1207 530 1252 est
541 1203 666 1252 credibile
677 1203 834 1253 inimicitam
846 1205 991 1268 odiumque
1003 1205 1060 1254 deis
1070 1206 1145 1254 essel

411 1373 625 1414 l'I-CAESARIS
636 1375 675 1414 IN
685 1375 867 1424 POMPEJUM
879 1376 938 1416 ORA
948 1377 1000 1416 TIO
1011 1377 1059 1416 AD
1071 1377 1208 1417 MILITES
1215 1391 1224 1416 .·
1238 1377 1298 1425 [civ.
1313 1378 1336 1416 1.·
1354 1377 1413 1426 VII.]

475 1479 658 1536 Inimicorum,
672 1479 779 1540 milltes,
794 1478 897 1528 invidia
907 1483 987 1544 atque
998 1479 1190 1530 obtrectatione
1201 1480 1288 1530 laudis
1299 1495 1374 1530 meae
1390 1481 1435 1530 de·

407 1565 504 1614 ductus
516 1569 557 1614 est
569 1579 599 1614 ac
611 1567 768 1629 depravatus
780 1566 934 1630 Pompeius,
947 1569 1026 1630 eujus
1036 1567 1131 1616 honori
1142 1572 1170 1617 et
1180 1567 1305 1625 dignitati
1326 1582 1435 1632 semper

407 1647 462 1696 tavi
474 1649 631 1713 adjutorque
643 1649 692 1698 fui.
729 1649 834 1699 Novum
847 1649 876 1698 in
887 1649 1024 1714 republica
1032 1651 1212 1700 intinduotnm
1221 1655 1262 1700 est
1268 1652 1431 1715 exemplum,

408 1735 438 1780 ut
449 1730 591 1780 tribunicia
602 1731 756 1782 intercessio
768 1734 849 1782 armis
859 1737 968 1782 notetur
978 1738 1058 1798 atque
1074 1735 1247 1798 opprimatur.
1292 1735 1380 1798 [Quae
1392 1751 1435 1785 su·

407 1812 556 1877 pedoribus
567 1814 644 1864 annis
655 1813 736 1864 armis
747 1819 788 1864 est
799 1815 946 1878 restituta]

472 1896 545 1945 Sulla
556 1896 654 1946 nudata
666 1897 792 1947 omnibus
803 1897 884 1947 rebus
895 1897 1039 1948 tribunicia
1049 1901 1181 1962 potestate
1196 1903 1287 1948 tamen
1309 1901 1436 1950 interces-

408 1981 511 2030 sionem
520 1981 631 2032 liberam
643 1983 759 2047 reliqnit;
779 1985 934 2048 Pompeius,
947 1987 994 2050 qui
1006 1985 1102 2034 amissa
1111 1985 1259 2035 restituisse
1270 1985 1377 2035 videtur
1387 1985 1436 2034 bo·

368 2108 369 2112 ,
408 2079 450 2124 na,
465 2067 544 2114 etiam
555 2080 622 2129 quae
634 2070 694 2115 ante
706 2067 860 2115 habuerunt
869 2067 976 2116 ademit

473 2153 718 2218 Quotienscumque
739 2157 779 2202 est
804 2154 939 2202 decretum
962 2153 1028 2203 dent
1049 2169 1156 2218 operam
1179 2153 1378 2218 magistratibus
1401 2169 1435 2203 ne

411 2235 476 2298 quid
488 2235 638 2298 respublica
650 2235 803 2284 detrimenti
815 2238 902 2300 capiat
921 2240 988 2301 (qua
999 2251 1063 2286 voce
1075 2242 1102 2286 et
1112 2251 1166 2302 quo
1176 2237 1290 2286 &natus
1312 2238 1435 2287 consulto

407 2318 522 2381 populus
534 2319 670 2368 Romanus
681 2318 715 2368 ad
725 2333 798 2367 arma
810 2323 851 2368 est
860 2321 994 2379 vocatus),
1007 2321 1108 2369 factum
1120 2323 1161 2370 est
1171 2321 1201 2369 in
1211 2320 1367 2384 perniciosis
1378 2321 1435 2384 leg·

411 2404 480 2462 ibus,
491 2405 519 2453 in
532 2406 559 2454 vi
569 2405 720 2469 tribunicia,
734 2406 763 2455 in
772 2407 921 2456 secessione
932 2406 1034 2471 populi,
1051 2407 1159 2471 templis
1176 2406 1295 2473 locisque
1317 2407 1435 2457 editiori·

410 2487 461 2537 bus
473 2488 621 2553 occupatis;
640 2490 705 2537 haec
717 2490 861 2553 superioris
881 2491 975 2539 aetatis
995 2490 1116 2553 exempla
1131 2491 1235 2554 expiata
1257 2495 1321 2540 sunt
1342 2492 1436 2540 Satur-

407 2570 464 2617 nini
476 2574 555 2633 atque
566 2570 746 2619 Gracchorum
757 2572 877 2632 casibus,
897 2568 1010 2635 quarum
1023 2586 1110 2620 rerum
1122 2573 1173 2621 hoc
1184 2576 1305 2637 tempore
1315 2573 1383 2622 nihil
1393 2578 1434 2622 est

407 2656 508 2703 iactum
519 2668 553 2703 ne
565 2656 709 2717 cogitatum
721 2656 846 2719 quidam,
861 2655 953 2719 [nulla
962 2656 1007 2703 lex
1018 2656 1193 2719 promulgata,
1222 2671 1279 2705 non
1295 2670 1357 2705 cum
1367 2672 1435 2721 pop-

409 2736 453 2785 ulo
463 2739 507 2798 agi
518 2740 650 2800 coeptum,
664 2738 737 2786 nulla
756 2737 869 2787 secessio
880 2738 974 2801 facta]

473 2820 586 2879 Quaeso,
598 2821 676 2882 cujus
688 2820 856 2883 imperatoris
866 2819 948 2869 ductu
960 2836 1056 2870 novem
1073 2822 1150 2870 annis
1169 2820 1361 2885 rempublicam
1373 2823 1435 2879 teli·

407 2902 513 2951 cissime
525 2905 659 2965 gesseritis
670 2903 838 2967 plurimaque
849 2903 950 2967 proelia
961 2902 1077 2953 secunda
1087 2902 1213 2964 feceritis,
1238 2919 1346 2952 omnem
1370 2904 1432 2953 Gal·

407 2988 469 3037 liam
483 2989 705 3054 Germaniamque
716 2989 881 3053 pacaveritis,
896 2993 926 3038 ut
941 2991 999 3052 ejus
1021 2988 1241 3039 existimationem
1264 2988 1431 3053 dignitatem-

408 3085 461 3135 que
472 3072 506 3120 ab
519 3072 634 3121 inimicis
651 3072 811 3122 defendatis.

412 3247 596 3286 VII-CICERO
609 3246 708 3286 DIXIT
719 3245 914 3297 QUIRITIBUS:
925 3246 986 3293 [cat.
995 3246 1026 3290 II,
1037 3244 1092 3292 Μ]

505 3349 623 3399 Tandem
651 3348 794 3414 aliquando
816 3348 850 3397 L.
878 3348 1020 3398 Catilinam
1037 3350 1171 3397 furentem
1200 3348 1319 3407 audacia,
1347 3351 1435 3399 scelus

407 3438 573 3487 anhelantem
596 3440 697 3501 pestem
720 3436 819 3499 patriae
837 3435 939 3484 nelarie
967 3435 1120 3485 molientem
1143 3434 1177 3486 iis
1199 3439 1280 3500 atque
1302 3451 1348 3487 eae
1371 3436 1433 3486 urbi

407 3524 478 3570 ferro
501 3520 659 3583 flammaque
682 3518 860 3579 minitantem,
880 3532 909 3567 se
925 3532 959 3567 ex
981 3518 1046 3567 urbe
1068 3518 1110 3568 vel
1128 3519 1247 3582 ejecisse,
1265 3519 1317 3581 vel,
1342 3520 1433 3583 ipsum

406 3610 584 3672 egredientem
607 3606 696 3656 verbis
728 3611 898 3670 prosecutum
924 3619 991 3656 esse.
1051 3606 1120 3655 Eum
1147 3605 1242 3666 abisse,
1276 3606 1431 3668 excessisse,

406 3691 528 3750 evasisse,
554 3690 680 3754 erupisse.
732 3690 872 3750 Futurum,
897 3691 928 3737 ut
950 3687 1025 3737 nulla
1044 3689 1100 3750 jam
1122 3688 1254 3752 pernicies
1276 3693 1431 3737 amonstro

405 3775 451 3823 illo
460 3778 539 3837 atque
550 3772 672 3836 prodigio
684 3771 825 3821 moenibus
836 3770 903 3834 ipsis
914 3770 984 3819 intra
995 3771 1101 3819 moenia
1116 3774 1292 3835 comparetur.
1341 3772 1430 3835 Atque

406 3860 477 3907 hunc
488 3856 596 3920 quidem
608 3870 691 3903 unum
703 3855 786 3917 hujus
794 3853 858 3903 belli
869 3852 1124 3914 domesticiducam,
1138 3854 1196 3901 aine
1208 3855 1389 3902 controversia
1401 3869 1430 3903 ss

406 3942 511 3990 vicisse.
548 3940 608 3989 Non
620 3938 692 3988 enim
703 3938 759 4000 iarn
771 3938 901 3997 futurum,
916 3939 946 3983 ιιι
956 3936 1027 3983 inter
1035 3935 1117 3984 latera
1128 3949 1176 3983 sua
1192 3934 1246 3983 sica
1257 3934 1303 3983 illa
1314 3950 1430 3984 versare-

405 4030 456 4085 tur,
471 4038 525 4071 non
537 4022 719 4084 utineampo,
732 4019 827 4068 nonin
839 4020 907 4078 toro,
921 4019 1017 4066 nonin
1038 4016 1119 4077 caria,
1143 4031 1199 4065 non
1221 4016 1337 4081 demque
1358 4017 1430 4067 intra

404 4104 900 4168 domesticospariatespertimasceret.
922 4100 1077 4149 locoillum
1086 4102 1188 4148 motum
1196 4106 1430 4165 esse,quumesset

404 4206 436 4239 ex
447 4187 512 4237 urbe
524 4188 656 4251 depulsus:
676 4186 763 4250 palam
773 4187 829 4249 iam
841 4199 870 4235 se
880 4199 942 4233 oum
954 4185 1040 4245 hoste,
1053 4183 1127 4231 nullo
1137 4182 1312 4247 impediente.
1324 4182 1426 4232 bellum

405 4277 541 4337 gesturum
553 4284 618 4319 esse.
640 4269 704 4319 Siue
712 4267 795 4317 dubio
806 4283 834 4316 se
846 4267 993 4331 perdidisse
1003 4264 1140 4315 hominem
1148 4265 1343 4329 magnificeque
1352 4266 1431 4315 vicis-

404 4372 440 4417 se,
456 4370 539 4419 quum
550 4354 625 4402 illum
638 4367 670 4402 ex
680 4352 790 4401 occultis
801 4350 907 4400 insidiis
917 4350 946 4398 in
955 4352 1075 4413 apertum
1084 4348 1252 4398 latrocinium
1260 4350 1429 4412 conjecisset.

405 4444 483 4504 Quod
495 4456 557 4491 vero
568 4456 622 4489 non
633 4443 773 4489 cruentum
785 4452 949 4498 mucronem,
974 4435 1147 4498 utroluisset,
1172 4435 1320 4497 extulisset,
1346 4438 1430 4500 quod,
