3334 4900
670 431 910 480 LATINE.

352 635 419 687 Non.
435 639 498 687 Feb.
518 641 544 686 R.
564 642 674 703 Wagner.
690 639 805 688 musicus
817 639 997 696 Germanicus,
1012 637 1139 686 Venetiae
1153 643 1282 689 mortuus.

351 722 382 769 V
398 722 437 770 Id.
453 722 515 772 Feb.
536 724 675 772 Wiltetmns
697 724 726 770 Ε
744 723 839 784 [leriga
855 722 1010 782 negotiator,
1025 720 1174 782 ingenicet
1188 723 1311 772 moribus

285 804 456 865 clarissimus,
471 806 538 855 Nor.
552 806 631 854 Ebur
648 810 774 853 mortuus.

325 887 395 936 ·IV.
411 888 454 936 Id
471 887 546 948 Feb,
574 888 697 936 Manlau
719 886 813 945 leucii,
835 885 969 990 quondam
983 886 1153 947 magistratus
1165 901 1309 948 supremus

286 952 403 1001 civitatis
415 954 500 1003 Ocnn
516 959 643 1002 mortuus.

351 1035 422 1084 XVI.
438 1036 494 1084 Kal.
509 1036 632 1084 MartE.
650 1036 681 1081 D
696 1033 812 1096 Murgan,
833 1033 966 1096 quondam
991 1047 1061 1096 mag.
1076 1048 1134 1100 sup.
1149 1035 1223 1084 civit.
1239 1035 1307 1084 Nov.

288 1099 368 1149 Ebur.
382 1105 512 1150 mortuus

351 1184 408 1231 XV.
421 1182 478 1232 Kal.
493 1184 571 1232 Mart.
586 1183 619 1229 In
642 1180 777 1239 Hibernia,
793 1182 874 1244 curcy
887 1180 995 1244 quidam
1008 1196 1077 1242 reus,
1092 1197 1153 1232 reus
1176 1181 1311 1233 Hibernos

285 1248 446 1310 Auglrcanos
459 1247 601 1298 Caveadirt
614 1251 640 1294 et
656 1247 737 1294 Rurte
749 1248 883 1296 necavisse
895 1247 1070 1298 confirmavit.

351 1336 422 1384 XIV.
437 1335 494 1383 Kal.
507 1334 584 1382 Mart.
600 1333 742 1382 Historiam
755 1333 918 1396 Scriptorum
931 1333 1088 1382 Latinorum
1099 1349 1116 1383 a
1128 1335 1229 1384 saman
1242 1335 1310 1385 bene

286 1415 315 1448 ac
329 1399 414 1465 iptem
425 1401 572 1448 emisemnt
585 1400 686 1460 Harper
699 1400 854 1462 fratresque.

350 1485 506 1532 Americana
528 1482 623 1530 “navis
645 1482 795 1546 vaporaria’'
819 1481 940 1530 Astaciae
968 1482 1107 1532 submersa
1135 1497 1251 1546 quacum
1275 1485 1310 1534 xi.

288 1553 427 1662 minin.
441 1614 499 1662 Kal
514 1614 591 1662 Mart
623 1612 687 1662 Dies
697 1613 791 1662 naulis
806 1612 900 1676 Georgi
918 1613 1088 1678 Waatr'agtaa,
1103 1613 1187 1678 patris
1199 1617 1308 1678 patriae,

288 1679 454 1794 celeliiffim
466 1744 509 1792 die
519 1744 595 1807 regni
608 1743 721 1792 ministri
734 1743 878 1792 Australiaa
890 1743 1005 1792 comitiis
1022 1743 1131 1808 repulsi.

353 1828 414 1876 VII.
430 1827 487 1876 Kal.
500 1827 576 1877 Mari.
613 1827 760 1875 Cometeaa
778 1823 850 1886 Sacist
868 1830 980 1888 reperta.

345 1911 450 1960 Eodem
462 1910 506 1959 die
520 1911 542 1958 P
565 1911 596 1958 A.
612 1910 782 1970 Ctudtourae,
796 1910 843 1972 qui
854 1909 917 1957 olim
929 1910 1031 1973 Collegi
1052 1910 1185 1959 Wilhelmi
1203 1925 1310 1974 praeses

288 1979 384 2037 fuerat,
399 1976 466 2026 Nov.
482 1976 563 2025 Ebcr.
578 1981 705 2023 mortuus.

349 2060 387 2108 VI
408 2060 465 2108 Kal.
480 2060 557 2108 Mart.
594 2059 747 2120 coujuratio
757 2061 849 2106 contra
860 2056 1034 2106 Alexandrum
1051 2059 1191 2108 Gaesarem
1205 2059 1235 2108 in
1248 2060 1308 2108 Bel-

287 2125 329 2186 gia
341 2127 482 2188 patefacta.

353 2209 402 2256 IV.
420 2208 477 2256 Kal
494 2207 570 2256 Mart.
586 2205 729 2255 Gladstoue
741 2205 903 2254 Londinium
916 2205 1002 2254 rediit.
1033 2206 1145 2255 Salveatl

353 2295 412 2343 Hoc
423 2309 514 2342 mense
526 2298 614 2341 veatae
625 2293 811 2341 inundationes
822 2294 849 2340 in
863 2294 982 2342 Ameriae
994 2295 1061 2342 etin
1074 2295 1181 2357 Europe
1194 2293 1309 2342 multum

287 2362 434 2409 effecerunt
446 2359 607 2409 detrimenti.

286 2492 544 2533 Ill-SCRIBENDA.

464 2559 495 2607 (Si
504 2559 568 2607 and,
580 2560 663 2605 Amice,
672 2559 781 2607 temporls
790 2559 832 2597 tibi
844 2560 881 2604 sil,
893 2560 934 2605 fac,
946 2569 991 2605 cro,
1002 2560 1028 2597 nt
1038 2558 1141 2602 sember.)

320 2629 341 2677 1.
357 2630 388 2676 In
400 2631 521 2680 oratione
532 2629 617 2677 soluta
629 2645 679 2677 vsa.
695 2630 806 2677 n-01.
822 2629 899 2691 Verg.
916 2633 978 2677 Aen.
994 2629 1017 2676 Ι.
1030 2633 1057 2676 et
1068 2628 1247 2691 quaestiones.

321 2713 355 2760 II.
372 2712 502 2775 Compara
515 2712 594 2774 Verg.
607 2726 668 2759 cum
681 2712 790 2764 Homtio
802 2711 1012 2773 quaestibnibus.

320 2794 370 2843 111.
386 2794 426 2841 De
438 2794 571 2843 coloribus
582 2796 658 2857 Verg.
674 2795 737 2842 Hor.
753 2794 829 2843 Ovid.

320 2878 365 2925 IV.
381 2878 421 2925 De
433 2877 577 2940 Theologia
589 2879 740 2925 eorundem.

319 2960 349 3034 V.
375 2960 430 3035 (lic.
457 2960 528 3035 Qrat.
554 2960 584 3009 in
607 2962 662 3010 (lat.
687 2962 723 3010 II.
743 2962 825 3025 Capp.
840 2962 874 3010 iv.
891 2978 913 3011 v.
930 2962 963 3008 vi.
976 2976 1000 3009 0.
1016 2977 1050 3020 o.‚
1065 2961 1100 3009 id.
1117 2961 1172 3011 cic.
1187 2960 1220 3009 ed
1233 2961 1307 3009 Fam.

288 3026 374 3138 prpatt
382 3039 500 3147 tlxrixesltvt
512 3091 545 3140 de
557 3091 611 3140 (lic.
626 3090 694 3139 Vita.

318 3171 371 3220 VII
391 3173 521 3236 Excerpta
531 3188 598 3235 quae
609 3175 642 3223 ad
664 3176 734 3223 Orat.
747 3190 795 3238 pro
817 3174 912 3223 Archia
935 3172 1117 3222 illustrandam
1140 3174 1301 3237 pertineant.

286 3237 437 3302 (Imprimis
453 3253 528 3301 capp
544 3240 579 3287 vi.
597 3240 658 3301 vii)

320 3322 394 3370 VIII.
410 3322 568 3397 Compara‘
571 3324 724 3372 ‘Somnium
745 3323 899 3387 Scipionis'¹
919 3337 980 3371 cum
993 3320 1080 3371 verbis
1093 3336 1161 3385 quae
1173 3336 1188 3370 a
1200 3322 1311 3371 Platone

286 3388 346 3435 de'
330 3403 363 3435 na
372 3388 452 3435 rebus
461 3388 566 3451 scripta

319 3453 363 3500 IX.
380 3452 498 3511 Quaestt
510 3454 543 3501 de
555 3454 703 3503 certamine
715 3456 906 3504 centurionum
919 3468 933 3501 a
946 3454 1019 3503 Gaea.
1025 3451 1105 3515 picto
1109 3452 1153 3515 [Β.
1158 3452 1191 3501 G.
1196 3454 1226 3500 V.
1231 3452 1291 3500 xliv.
1297 3454 1307 3513 ]

321 3541 351 3587 X.
366 3540 451 3590 Oratt.
465 3541 538 3589 Gaea.
551 3545 578 3588 et
589 3541 697 3590 Catonis
707 3542 777 3604 apud
789 3542 850 3590 Sall.
865 3540 956 3603 script.
969 3555 994 3587 o.
1007 3552 1032 3587 c.

319 3623 356 3669 XI
383 3623 877 3685 Comparaquaestionibursententias
900 3630 927 3671 et
948 3620 1055 3669 dicendi
1080 3636 1166 3683 genus
1191 3620 1312 3669 Caesaris

287 3702 349 3734 cnm
362 3688 396 3735 iis
408 3688 545 3737 Ciceronis
556 3688 597 3751 [in
609 3690 657 3738 (lat
679 3690 729 3751 iv.]

322 3771 381 3819 XII.
397 3771 437 3818 De
449 3770 503 3819 vita
514 3771 698 3835 scribendique
709 3773 809 3821 ratione
821 3772 927 3821 Salusti.

320 3861 396 3911 XIII.
411 3862 451 3909 De
464 3862 518 3910 vita
531 3860 620 3912 Horati
633 3864 777 3927 [Quacatt.]

321 3946 390 3993 XIV.
405 3945 518 3994 Carmen
532 3947 624 3995 Horati
636 3953 699 3996 orat.
715 3949 761 3997 sul.

320 4031 375 4080 XV.
389 4033 521 4095 Compara
532 4033 590 4083 Liv.
605 4050 664 4082 cum
682 4036 745 4084 Tac.

319 4119 389 4167 XVI.
405 4120 539 4183 Epistulas
551 4122 604 4170 Cic.
619 4138 679 4171 cum
692 4124 769 4172 Plini.

318 4201 401 4249 XVII.
417 4202 457 4249 De
470 4217 607 4252 manaurae
620 4206 697 4253 modo
710 4206 857 4269 [temporis,
872 4206 958 4269 spatii,
974 4203 1111 4268 pecuniae.
1116 4202 1128 4265 ]

319 4283 421 4331 XVIII.
439 4285 643 4334 “Actadiurna”
657 4289 1028 4365 [iuqribusquaescituaiut
1051 4284 1208 4349 dignissima
1232 4284 1310 4333 brev-

286 4348 556 4479 igairpefducmptm
593 4354 687 4402 “Notis
698 4370 804 4418 quoque
822 4356 943 4418 excipere
956 4355 1119 4403 velocissime
1141 4352 1275 4401 sulitam''
1279 4376 1311 4385 -

308 4428 341 4459 ue
401 4430 410 4461 ι
443 4430 472 4464 ιιι

321 4496 390 4607 XIIX
392 4498 536 4613 tIdicrpata
548 4484 656 4563 cognitu
667 4502 828 4564 dignissima,
844 4518 963 4566 quaeque
976 4517 1107 4564 nusquam
1123 4500 1233 4563 Anglice
1243 4498 1312 4547 bene

288 4576 339 4623 erp
351 4575 391 4608 ica
404 4577 418 4609 a
430 4579 472 4611 siu
