3334 4900
701 445 939 495 LATINE.

862 567 1333 574 -—-.—--.——-——--—-—-.-.

382 672 472 722 Pelia:
493 670 562 729 Quid
575 669 607 719 de
619 669 672 718 vita
683 669 838 717 audiemus?

383 753 462 803 Pau:
482 751 615 802 Socratem
627 751 781 800 eonfirmare
792 754 839 798 aut
847 749 939 811 peritia
950 747 1151 811 quaestionibus
1162 750 1261 797 amieoa
1271 764 1334 798 auos

314 839 439 901 adjuvare
451 839 481 883 ut
492 833 606 898 probent
616 834 695 893 illam,
709 832 784 894 eujus
796 832 824 879 in
837 832 889 879 nde
900 833 1043 879 moriturae
1054 830 1099 890 eit,
1112 845 1170 880 eaae
1179 831 1334 880 immortali·

313 927 402 982 tatem,
417 918 542 983 gaudium
554 929 696 980 pacemque
707 929 774 978 quae
785 928 818 962 er
828 913 938 986 auallde
948 913 1068 961 oriantur
1089 912 1132 962 hia
1148 929 1231 976 prope
1242 915 1331 963 verbii

309 1009 449 1059 declarare:
461 1003 617 1066 Philosophi
628 1001 843 1063 animun-quam
855 999 930 1048 valde
941 1013 1058 1062 corpore,
1072 1004 1100 1048 et
1110 1001 1231 1062 eorporis
1241 1000 1333 1064 volup-

308 1092 418 1150 tatibus,
432 1090 459 1136 et
470 1075 615 1145 doloribus,
629 1088 655 1132 et
666 1083 737 1131 ouria
747 1083 862 1142 liberari,
876 1087 907 1130 ut
917 1082 951 1130 ad
962 1081 1102 1130 veritatem
1123 1082 1292 1145 cogitandam
1306 1089 1334 1132 et

308 1177 342 1226 ad
353 1172 499 1224 absolutam
512 1165 742 1232 pulchritudinem,
756 1163 905 1228 puritatem,
925 1164 1082 1228 sapientiam
1103 1165 1289 1229 attingendam
1303 1182 1332 1214 ae

312 1257 457 1314 eonaeoret,
469 1250 608 1301 desiderat!
623 1248 808 1312 philosophum
819 1245 900 1310 igitur
909 1246 1002 1295 mortia
1012 1261 1067 1298 uon
1075 1246 1158 1311 piget.
1187 1247 1215 1298 Si
1222 1247 1333 1297 ductum

309 1341 420 1390 deorum
431 1335 527 1393 amisit,
541 1332 574 1381 ad
597 1344 745 1394 superiores
755 1329 818 1378 deor
830 1329 911 1378 dnoee
921 1328 985 1378 adit.
1032 1329 1061 1378 si
1073 1329 1224 1380 eadmimoe
1234 1310 1334 1380 amicoa

233 1455 234 1460 ,
309 1420 428 1485 reliquit,
442 1417 475 1466 ad
491 1419 592 1464 eeteros
604 1413 650 1477 qui
673 1426 755 1476 aeque
774 1411 866 1460 fldelea
883 1416 969 1472 erunt,
983 1411 1047 1460 adit.
1081 1411 1110 1460 Si
1121 1413 1331 1476 temperantiam,

310 1502 451 1568 justitiam,
471 1495 663 1555 fortitudinem,
683 1493 858 1549 nobilitatem,
870 1493 1009 1542 veritatem
1032 1495 1082 1541 hoo
1094 1493 1122 1541 in
1145 1493 1210 1542 orbe
1226 1501 1335 1543 aeautua

313 1586 358 1646 ait,—
372 1581 511 1643 attingere,
529 1577 620 1626 altiore
631 1575 660 1624 in
673 1575 733 1635 vite,
747 1577 834 1637 eperat
845 1574 878 1622 ad
889 1573 1006 1621 divinam
1017 1581 1143 1622 naturam.

379 1663 468 1713 Polie:
488 1661 547 1722 Ego
558 1658 665 1721 quidem
677 1657 791 1706 &oralia
808 1655 1029 1719 pulchritudinem
1042 1658 1171 1705 aermonia
1188 1657 1283 1707 sentio:
1308 1663 1335 1707 at

313 1745 482 1814 philosophia
493 1742 628 1793 Oieeronie
639 1741 703 1788 mihi
715 1745 756 1788 eet
767 1739 867 1788 nulior.

383 1827 462 1877 aad:
481 1824 655 1875 somniumne
666 1822 719 1871 luit
730 1821 851 1872 Oioeroni
863 1821 891 1869 id
901 1821 973 1882 quod
995 1820 1205 1885 quadringentos
1216 1827 1277 1872 ante
1290 1839 1335 1872 an-

313 1927 363 1962 nos
374 1909 476 1961 Socrati
487 1909 575 1956 fuerat
587 1905 683 1954 veritae
693 1903 925 1952 demonstrabilia?
938 1903 1095 1966 (probabilia
1103 1905 1128 1963 l)

383 2001 471 2051 Palu:
485 1999 578 2050 Oioero
590 2001 701 2045 mortem
714 2010 767 2044 non
780 1995 870 2044 timuit
880 1995 927 2043 aed
938 1994 1048 2043 evitavit
1059 1995 1131 2059 quod
1144 2011 1192 2059 pro
1202 1996 1337 2060 republica

313 2090 389 2141 labor
400 2086 524 2138 morienti
536 2084 724 2147 relinquendus
735 2087 810 2144 eseet3
826 2083 896 2146 qnod
908 2098 980 2131 mora
990 2097 1052 2132 enm
1075 2083 1198 2132 inutilem
1216 2091 1244 2133 et
1254 2085 1338 2150 impo-

229 2229 230 2232 Ἴ
317 2176 419 2223 tentem
431 2168 560 2218 redderet

384 2257 464 2306 Plu:
482 2255 568 2304 Dixit:
583 2253 709 2302 “Certum
722 2265 777 2301 esse
789 2251 817 2300 in
829 2252 901 2300 eaelo
924 2251 1064 2300 definitum
1086 2253 1175 2301 locum
1198 2251 1245 2302 ubi
1268 2253 1339 2304 beati

316 2356 382 2392 aevo
395 2340 556 2402 sempiterno
567 2336 713 2385 fruantur.”

384 2426 473 2477 Polla:
493 2425 553 2476 Non
565 2424 616 2474 sibi
628 2427 730 2498 tantum
742 2425 866 2472 dautem
876 2427 955 2487 atque
962 2421 1153 2474 beatitudinem
1160 2424 1336 2487 desiderabat,

316 2512 365 2562 aed
375 2508 498 2559 nonnihil
510 2508 590 2557 etiam
604 2506 656 2555 “ed
667 2521 832 2554 communem
845 2506 948 2554 adferre
959 2508 1093 2555 fruetum”
1103 2521 1209 2571 eemper
1220 2509 1333 2559 volebat.

387 2600 465 2649 Phil:
485 2598 596 2663 Scripsit
609 2602 706 2647 autem:
721 2598 798 2647 “Suis
810 2601 837 2645 te
849 2602 953 2661 oportet
964 2596 1096 2649 uleeebrie
1106 2598 1165 2663 ipaa
1180 2601 1267 2650 virtue
1288 2605 1341 2651 tra-

318 2686 365 2735 hat
376 2684 409 2734 ad
420 2696 513 2732 venam
527 2682 633 2730 decua.'’

386 2762 712 2826 Polil.:1nquitquoque:
741 2764 791 2811 “In
815 2763 889 2811 omni
908 2766 996 2811 autem
1013 2763 1341 2830 honeeto,dequoloqui-

319 2869 387 2914 mur,
402 2851 469 2901 nihil
480 2855 521 2899 eet
532 2857 586 2899 tam
598 2850 706 2911 illustre,
721 2865 769 2899 uec
780 2850 853 2912 quod
864 2850 942 2899 latius
965 2855 1062 2913 pateat,
1083 2866 1163 2914 quam
1187 2854 1341 2916 eonjunctio
1360 2878 1369 2885 ·

318 2947 389 2995 inter
399 2941 520 2991 homines
531 2941 679 3000 hominum,
693 2945 720 2988 et
731 2942 802 3003 quael
815 2941 943 3002 quaedam
954 2940 1066 2989 aoeietaa
1089 2946 1116 2989 et
1138 2944 1342 2991 eommunioatio

320 3028 473 3082 utilitatum,
488 3029 515 3072 et
526 3023 583 3086 ipsa
595 3023 688 3071 curima
699 3023 802 3085 generis
814 3023 922 3071 humani
932 3024 946 3044 '’
972 3021 1104 3071 Omnibus
1117 3024 1268 3082 virtutibua,
1282 3026 1342 3074 (lio-

321 3106 400 3141 erone
412 3094 487 3148 teste,
500 3094 614 3151 praestat
625 3103 699 3136 amor
710 3090 817 3151 patriae.
856 3088 1012 3148 “Omnibus,
1026 3089 1071 3150 qui
1089 3089 1201 3151 patriam
1218 3104 1341 3138 oonaerv-

321 3160 398 3211 arint.
411 3156 569 3217 adjuverint,
584 3154 712 3213 auxerint,
727 3160 827 3201 certum
840 3167 896 3201 eaee
908 3154 935 3200 in
947 3153 1021 3201 eaelo
1032 3168 1062 3201 ac
1079 3155 1218 3202 definitum
1242 3156 1337 3206 locum.
1368 3153 1373 3162 “

322 3221 429 3272 —Nihll
439 3224 479 3269 eet
490 3222 561 3267 enlm
574 3218 611 3266 illi
634 3219 747 3281 principi
770 3220 827 3275 deo,
843 3219 889 3281 qui
900 3232 1006 3266 omnem
1024 3218 1094 3266 hune
1106 3220 1236 3269 mundum
1259 3222 1337 3283 regit.

324 3288 396 3352 quod
408 3286 516 3349 quidem
528 3285 556 3331 in
568 3286 643 3332 terrie
655 3284 707 3339 fiat,
724 3284 864 3347 acceptius,
879 3298 957 3346 quam
968 3284 1079 3333 concilia
1090 3289 1234 3348 ooetuaque
1255 3286 1341 3334 laomi-

323 3368 388 3402 num
401 3354 459 3415 jure
471 3348 571 3409 sociati,
586 3364 652 3412 quae
665 3348 983 3412 civitatesappellantur.”

390 3432 471 3483 Pati.-
491 3432 585 3481 Nonne
597 3431 730 3480 (lieeronis
742 3431 795 3479 vite
806 3430 891 3479 multo
903 3430 996 3478 melior
1007 3444 1086 3493 quam
1095 3432 1277 3483 Romanorum
1289 3434 1344 3483 vita

322 3497 521 3565 permultorum,
544 3500 734 3560 praeceptaque
757 3498 815 3557 ejus
832 3495 1025 3558 sapientissima
1038 3496 1213 3546 “Somnium'’
1226 3499 1250 3546 ei
1270 3500 1342 3548 veri-

324 3572 407 3615 tatem
419 3576 476 3612 ease
487 3560 607 3611 habitum
619 3561 696 3609 nobis
714 3560 870 3624 persuadent
880 3562 890 3609 l

391 3649 477 3699 Polla:
497 3648 563 3711 Spes
575 3650 632 3710 ejus
644 3648 761 3709 fidesque
778 3651 860 3696 erunt.
880 3662 922 3695 me
939 3647 1037 3709 judice.
1051 3662 1118 3709 quae
1131 3653 1207 3697 erant
1224 3649 1281 3698 viro
1298 3652 1343 3699 ha-

322 3716 424 3766 bendae
441 3728 544 3762 summa
561 3713 698 3775 diligentia
710 3712 872 3776 quotidianis
883 3713 978 3780 etudiia
994 3713 1083 3761 dedito
1100 3714 1246 3777 officiisque
1257 3719 1342 3765 omni-

322 3783 374 3831 bua
384 3795 449 3843 quae
462 3778 494 3828 ad
506 3779 625 3827 homines
634 3778 801 3841 pertinerent.
839 3779 893 3825 Has
905 3779 1038 3827 Ciceronis
1049 3780 1194 3828 sententias
1205 3781 1238 3829 de
1250 3782 1343 3830 huiua-

323 3863 360 3897 no
372 3857 467 3910 genere
479 3844 574 3907 auique
587 3843 650 3902 viro,
665 3844 737 3891 omui
749 3844 800 3892 civi
812 3844 883 3891 fideli
896 3858 952 3891 esse
968 3849 1080 3906 oportet.

392 3925 469 3975 Pala.-
489 3924 581 3974 Giearo
593 3925 699 3987 quidem
713 3930 741 3973 ut
753 3925 898 3982 Africanus,
914 3924 954 3971 his
966 3925 1061 3974 verbis:
1084 3927 1103 3950 “
1112 3926 1166 3974 Nee
1178 3927 1250 3975 enim
1263 3931 1292 3976 tu
1303 3945 1340 3983 es.

324 4006 404 4057 quem
416 3992 502 4038 forma
513 3991 563 4037 iata
573 3990 701 4049 declarat3
731 3990 777 4039 sed
789 4005 863 4037 mens
874 3992 1011 4052 cujusque,
1026 3991 1049 4038 ia
1061 3997 1101 4039 eat
1112 3994 1233 4054 quisque,
1246 4008 1299 4041 non
1313 4010 1344 4042 aa

325 4060 417 4120 figura,
430 4070 497 4119 qnae
509 4055 593 4117 digito
615 4058 785 4103 demonstrari
809 4060 896 4118 potest
949 4056 1033 4103 Deum
1055 4056 1255 4118 teigituraoito
1266 4072 1344 4114 aenae

327 4123 458 4187 siquidem
469 4122 534 4169 deos
546 4126 594 4181 est,
608 4122 653 4183 qui
667 4124 744 4183 viget,
768 4120 814 4183 qui
838 4121 925 4180 sentit,
948 4120 993 4182 qui
1011 4122 1141 4181 meminit,
1156 4123 1202 4184 qui
1215 4124 1345 4186 providet,

326 4190 374 4253 qui
396 4194 450 4237 tam
472 4188 540 4249 :egit
562 4192 588 4233 et
601 4187 749 4234 moderatur
760 4194 786 4234 et
797 4193 887 4233 movet
898 4187 925 4235 id
937 4202 1032 4249 eorpus
1045 4186 1088 4234 oui
1106 4188 1273 4250 praepositus
1295 4197 1345 4249 eet,

325 4269 404 4318 quam
415 4251 627 4301 hunemundum
649 4252 691 4299 ille
715 4251 836 4314 princeps
857 4250 938 4299 deus:
967 4259 994 4298 et
1006 4256 1035 4299 ut
1047 4252 1176 4308 mundum
1187 4268 1219 4301 er
1231 4254 1346 4315 quadam

326 4322 400 4383 purte
416 4318 553 4367 mortalem
570 4316 625 4380 ipre
642 4317 707 4364 dous
724 4322 852 4372 aeternus,
878 4316 916 4365 aie
933 4318 1025 4378 fragile
1043 4332 1139 4379 corpus
1155 4318 1261 4367 aaimua
1277 4335 1345 4368 aem·

327 4388 446 4449 piternus
458 4383 571 4431 movet.”
606 4381 708 4438 Quanto
730 4388 816 4430 tarnen
834 4382 938 4443 gaudio,
951 4382 1045 4431 cetaria
1056 4383 1162 4440 relictis,
1177 4384 1210 4431 ad
1223 4386 1348 4434 tenerita-

235 4510 237 4517 Α
327 4458 381 4499 tem
404 4454 431 4497 et
453 4461 544 4510 pacem
567 4453 593 4496 et
613 4448 834 4511 pulchritudinem
858 4453 885 4495 et-
906 4448 1029 4507 spirltum
1051 4447 1172 4497 divinum
1196 4450 1347 4501 Phaedonia

329 4516 495 4565 revenimue.
