3334 4900
767 351 1011 401 LATIN-E.
1372 349 1393 396 7

407 471 1191 479 —..—-—--—-——--————-----...--.
1197 473 1214 476 <-
1220 471 1248 477 Δ..
1253 472 1367 477 ...μ-ῳ
1375 472 1392 477 .-

364 556 701 596 l.t'-l’le·ui-HORRJI›‘1LE
715 555 831 596 DICTU!
858 556 930 604 [Pars
944 555 1051 606 Quietis}

431 659 541 708 Deserta
552 659 615 707 inde
627 663 654 708 et
665 661 789 708 damnata
801 660 946 709 solitudine
962 659 1064 717 domus,
1078 663 1184 720 totoque
1208 659 1246 706 illi
1272 664 1390 706 monstro

364 724 465 784 relicta;
479 725 705 788 proscribebatur,
719 741 767 774 seu
778 725 840 788 quis
852 739 949 785 emere,
968 740 1013 773 sen
1037 725 1096 787 quia
1112 726 1269 782 conducere,
1284 725 1393 786 ignarus

367 789 435 836 tanti
449 788 510 837 rnali
524 790 612 838 vellet.
650 791 731 839 Venit
744 791 862 839 Athenas
874 791 1047 854 philosophus
1059 789 1252 838 Athenodorus:
1267 790 1333 851 legit
1345 793 1392 837 tit-

366 855 450 902 ulum:
467 857 609 917 auditoque
621 858 716 918 pretio.
728 859 792 919 quia
804 861 928 919 suspecta
940 857 1034 915 vilitas,
1049 861 1226 918 percontatus,
1241 855 1332 902 omnia
1354 855 1388 902 do

363 925 448 980 cetur,
462 935 493 968 ao
504 921 589 969 nihilo
601 921 699 981 minus,
713 922 796 970 immo
809 927 884 970 tanto
894 922 987 984 magis,
1001 921 1131 970 conducit.

398 1037 485 1095 Quare
497 1038 592 1086 domna
604 1039 708 1088 deserta
720 1040 781 1086 esti
849 1040 964 1087 Ameana
976 1038 1144 1087 solitudinem
1154 1040 1165 1085 t

398 1122 481 1170 Estne
492 1125 598 1186 gratum
609 1122 730 1171 damnari
741 1121 909 1171 solitudine?

397 1205 493 1253 Nonne
511 1203 638 1253 Robinson
653 1205 749 1252 Crnsoc
767 1205 908 1253 damnatus
919 1208 960 1262 est
970 1203 1138 1252 solitudinis?

397 1287 494 1335 Nonne
505 1287 569 1336 haec
580 1288 675 1336 domus
686 1288 810 1336 damnata
821 1292 863 1336 est
874 1288 907 1335 ad
919 1301 1031 1350 poenam
1042 1286 1212 1334 solitudinem
1223 1288 1235 1334 ἶ*

398 1373 491 1432 Qualis
502 1388 588 1437 poena
599 1373 691 1422 domui
703 1378 760 1422 erat
771 1375 782 1422 l
850 1372 902 1430 Qui
913 1373 1022 1422 domum
1033 1373 1174 1422 solitudine
1186 1373 1392 1421 damnaverunt?

397 1458 420 1504 A
436 1456 535 1520 quibus
546 1457 642 1506 domus
653 1460 710 1506 tota
722 1456 814 1506 relicta
825 1459 886 1506 eat!
951 1457 1001 1506 Oui
1016 1456 1106 1505 relicta
1121 1457 1179 1504 esti

397 1547 494 1596 Nonne
505 1550 654 1596 monstrum
667 1546 749 1595 domo
762 1546 880 1610 potitum
892 1549 953 1595 eat?

397 1629 581 1678 Fruebatnrne
593 1633 743 1678 monstrum
756 1629 903 1678 solitudine
915 1629 1027 1678 domus?

399 1712 540 1762 Fruerisne
552 1711 697 1761 solitudine
709 1712 793 1774 magis
804 1727 885 1776 quam
894 1713 1040 1760 societate?

399 1797 466 1844 Utra
471 1797 598 1844 fruuntur
611 1797 749 1844 monstrat
816 1795 914 1844 Nonne
925 1795 1021 1844 domus
1032 1794 1245 1858 proscribebatur
1255 1796 1265 1841 t

399 1878 496 1926 Nonne
508 1877 602 1927 cicero
615 1876 648 1926 ab
661 1877 809 1926 triumviris
821 1876 988 1941 proscriptus
999 1878 1058 1926 esti

400 1961 495 2010 Nonne
507 1961 634 2010 dominus
646 1961 743 2010 domus
754 1961 865 2009 domum
879 1960 993 2009 vendere
1005 1960 1125 2009 volebat?

400 2043 497 2092 Nonne
508 2045 616 2093 domum
629 2042 832 2107 proscribebat?

400 2132 496 2180 Nonne
508 2133 536 2180 in
548 2130 657 2179 titulum
669 2129 778 2193 scripsit
789 2144 818 2178 se
829 2131 939 2178 domum
952 2129 1064 2178 vendere
1075 2128 1157 2177 velle?

400 2213 540 2272 Quomodo
551 2213 662 2261 domum
675 2211 864 2276 procribebati

399 2297 494 2345 Nonne
506 2295 643 2345 Ciceronis
654 2309 751 2344 nomen
764 2294 792 2343 in
804 2295 913 2343 titulum
926 2293 1102 2358 proscriptum
1114 2295 1173 2342 esti

399 2380 495 2428 Nonne
506 2377 635 2427 stultitiae
647 2381 688 2426 est
700 2377 807 2426 domum
819 2377 986 2440 pestilentem
997 2379 1103 2425 emeret

399 2467 427 2514 Si
440 2468 501 2529 quis
512 2466 662 2514 conducere
675 2466 753 2514 vellet
766 2464 876 2527 ignauis
888 2465 1001 2514 monstri
1014 2468 1090 2524 esset,
1105 2465 1204 2512 nonnei

400 2548 539 2605 Quomodo
551 2547 648 2596 domus
659 2548 867 2596 conducuntur?

399 2630 604 2681 Conduceturne
617 2631 681 2679 haec
693 2631 789 2679 domus
801 2630 876 2693 parvi
889 2628 1042 2692 sn'magnit

400 2713 521 2761 Vellesne
533 2726 591 2760 eam
604 2711 694 2775 magni
712 2712 880 2760 conduceret
946 2711 1027 2768 Quale
1039 2716 1095 2760 erat
1106 2710 1202 2759 malum
1217 2711 1330 2758 domus?

401 2796 499 2843 Eratne
512 2795 611 2843 malum
624 2796 720 2843 domus
733 2798 884 2843 monstrum
897 2796 909 2843 i
942 2803 946 2811 ¹

401 2878 496 2927 Nonne
508 2876 624 2925 multum
637 2876 700 2925 mali
712 2882 754 2925 est
767 2876 795 2925 in
805 2876 935 2925 monstris
947 2876 1087 2925 videndis?

401 2961 496 3009 Nonne
508 2960 624 3008 multum
639 2959 700 3008 mali
713 2964 754 3008 est
766 2960 858 3008 idolon
870 2960 967 3008 habere
979 2961 990 3007 i

400 3044 468 3101 Quis
480 3049 535 3091 erat
547 3044 628 3106 hujus
640 3044 736 3091 domus
749 3043 811 3091 mali
828 3044 956 3105 ignarus:

402 3133 513 3180 Essetne
525 3131 695 3180 Atheniensis
707 3130 818 3193 ignarus
829 3130 913 3192 hujus
926 3130 1008 3178 mali?

402 3215 497 3262 Nonne
509 3215 605 3262 domus
618 3214 728 3261 infamis
749 3216 804 3261 erat
816 3214 888 3275 apud
900 3213 1076 3261 Athenienses
1087 3214 1098 3259 i

402 3297 498 3345 Nonne
510 3296 686 3344 Athenienses
697 3309 791 3343 omnes
803 3294 855 3343 hoc
867 3295 966 3342 malum
979 3294 1098 3343 sciebant
1108 3296 1119 3342 i

402 3380 494 3427 Eritne
507 3377 678 3427 Atheniensis
688 3392 723 3426 an
735 3378 892 3441 peregrinus
904 3376 951 3440 qui
962 3377 1030 3425 hanc
1053 3376 1162 3426 domum
1183 3376 1310 3426 infamem
1335 3391 1397 3424 oon·

368 3464 493 3577 duggitshe
506 3531 595 3575 utrum
608 3525 764 3590 peregrinus
776 3526 885 3589 ignarus
896 3526 979 3587 hujus
990 3525 1052 3575 mali
1068 3526 1176 3575 domum
1190 3530 1328 3589 empturus
1340 3526 1374 3572 sit
1386 3526 1396 3571 i

402 3612 467 3667 Quis
478 3611 568 3658 vonit?
634 3608 691 3665 Quo
703 3609 797 3657 venitt
865 3608 1046 3659 Undevenitt
1112 3607 1180 3664 Quid
1192 3608 1280 3657 vidit?

403 3696 498 3742 Nonne
510 3692 615 3741 Plinius
627 3691 693 3740 dicit
705 3690 908 3740 Athenodorum
922 3691 1028 3739 titulum
1041 3690 1154 3754 legisset

403 3781 473 3840 Quid
485 3780 587 3829 audivit
604 3779 800 3843 philosophusi
866 3778 994 3827 Potuitne
1004 3778 1100 3827 domus
1110 3778 1185 3841 parvi
1197 3778 1271 3827 ami?

403 3866 458 3913 Gur
469 3866 565 3913 domus
577 3862 638 3911 vilis
650 3863 727 3910 erat?

403 3948 498 3996 Nonne
511 3946 640 3995 vilitatem
650 3944 747 3993 domus
759 3943 935 4008 philosophus
947 3942 1087 4007 suspexit?

403 4031 496 4078 scisne
507 4043 614 4077 causam
627 4027 758 4077 vilitatis?
826 4026 946 4075 Soivrtne
958 4042 1005 4075 cur
1015 4024 1110 4075 domus
1122 4026 1182 4075 vilis
1193 4028 1282 4074 esset?

404 4117 498 4165 Nonne
512 4114 662 4179 quaesivit?
728 4114 825 4164 Nonne
838 4117 1009 4177 percontatus
1021 4114 1080 4161 est?

404 4200 459 4247 Gur
471 4202 642 4261 percontatus
654 4198 715 4247 est?
783 4196 879 4244 Nonne
890 4195 989 4243 certior
1004 4196 1091 4243 iactus
1102 4194 1162 4243 eati

404 4282 499 4330 Nonne
511 4282 601 4329 omnia
612 4280 636 4329 is
647 4280 768 4329 docetnri
782 4279 877 4329 Nonne
889 4279 984 4327 famam
992 4276 1085 4327 domus
1093 4276 1265 4346 philosophus
1277 4277 1398 4325 doceuui

404 4366 518 4413 Emetne
530 4364 641 4412 domum
654 4363 846 4428 pestilentem?

408 4449 524 4496 Putasne
536 4461 598 4495 eum
610 4446 718 4495 domum
731 4446 861 4495 infamem
874 4448 1026 4509 empturum
1039 4445 1114 4493 essai
