3334 4900
765 375 1002 424 LATINE.

358 581 394 619 .l'l
402 580 463 619 '1-A
471 581 596 620 ENICMA
607 580 654 619 ΤΑ.

592 681 633 743 (a)
668 681 707 728 De
720 693 822 728 somno.

426 763 528 825 Sponte
541 777 600 811 mea
613 763 731 822 veniens,
747 761 831 810 varias
843 763 955 810 ostendo
968 763 1072 824 figuras.

426 850 512 912 Finge
524 853 611 897 metus
625 862 707 897 vanos
719 849 792 896 nullo
804 849 959 896 discrimine
978 849 1042 896 veri:

427 933 479 981 Sed
492 946 534 980 me
547 946 627 980 uerno
639 931 720 988 videt,
736 931 787 980 nisi
799 932 845 993 qui
856 945 905 980 sua
916 930 1017 979 lumina
1027 931 1134 979 claudit.

595 1016 637 1074 (c)
671 1015 711 1062 De
723 1028 792 1078 aqua
804 1018 831 1061 et
840 1013 933 1076 glaeie.

428 1097 514 1146 Meter
525 1110 568 1145 me
586 1097 690 1159 genuit,
702 1097 794 1146 eadem
807 1111 869 1144 mox
881 1096 1001 1158 gignitur
1012 1109 1045 1144 ex
1059 1110 1111 1144 me.

598 1178 643 1238 (d)
664 1178 747 1237 Quam
758 1183 845 1228 mater
855 1178 957 1241 genuit,
972 1179 1108 1241 generavit
1118 1179 1172 1228 fllia
1185 1184 1304 1228 matrem.

597 1261 639 1322 (e)
673 1263 713 1310 De
726 1275 804 1310 auno.

428 1345 477 1394 Est
488 1359 559 1392 nnus
570 1345 676 1407 genitor
687 1347 765 1408 cujus
776 1348 840 1394 sunt
851 1344 965 1409 pignora
977 1343 1019 1393 bis
1029 1358 1085 1392 ser.

428 1426 480 1475 llis
491 1441 598 1489 qaoque
611 1426 721 1489 triginta
733 1431 818 1486 natae,
832 1427 882 1476 sed
893 1426 992 1490 dispari
1005 1428 1096 1474 forma.

427 1512 543 1572 Aspectu
554 1510 618 1558 hinc
630 1511 732 1570 niveae,
746 1511 830 1572 nigris
841 1512 905 1558 sunt
916 1509 1035 1558 vultibus
1057 1509 1129 1557 inde.

427 1593 499 1642 Sunt
507 1593 672 1641 immortales
682 1607 784 1652 omnes,
797 1593 949 1641 moriuntur
960 1597 988 1640 et
999 1606 1100 1640 omnes.

429 1676 477 1724 Est
496 1679 584 1724 autem
605 1674 760 1738 hujusmodi
783 1674 941 1738 aenigmatis
962 1675 1067 1724 solutio:
1088 1675 1237 1737 Annusqui
1249 1675 1388 1725 duodecim

361 1758 500 1808 mensibus
510 1757 650 1818 confletur,
664 1771 776 1822 quorum
790 1757 928 1806 duodecim
940 1758 1071 1806 mensium
1084 1755 1196 1820 quilibet
1209 1757 1319 1821 triginta
1338 1759 1393 1808 die-

361 1845 413 1895 bus
424 1845 483 1894 luce
495 1850 522 1894 et
534 1845 652 1894 tenebris
663 1846 796 1895 distinctis
807 1847 952 1909 perficitur.

596 1929 635 1990 (t)
652 1929 731 1991 Verg.
744 1928 772 1976 in
784 1928 917 1977 Bucolicis
929 1927 967 1977 iii.
982 1929 1138 1977 cin-cviii.

363 2064 523 2106 XVII-CIC.
537 2065 694 2106 EPISTULA
711 2065 752 2106 IN
763 2065 823 2106 ΘΚΑ
833 2067 857 2104 T.
868 2066 970 2115 OBLIQ.
985 2066 1059 2114 [Fam.
1070 2066 1135 2104 XIV.
1145 2066 1193 2113 itt]

394 2152 399 2165 ⁸
429 2166 564 2231 Scriptum
588 2169 628 2214 est
651 2180 666 2215 a
689 2167 829 2215 Cicerone:
859 2166 893 2214 Se
917 2166 1006 2215 miuus
1022 2181 1099 2229 saepe
1112 2158 1215 2215 ad'illos
1230 2168 1292 2215 dure
1304 2168 1394 2217 literas

361 2265 444 2314 quam
456 2253 554 2314 posset,
569 2253 709 2314 propterea
721 2248 802 2312 quod,
818 2264 879 2297 cum
894 2251 982 2297 omnia
994 2249 1044 2298 sibi
1058 2255 1177 2313 tempora
1189 2255 1277 2298 essent
1287 2250 1392 2312 misera;
1409 2291 1419 2316 ,

360 2339 419 2384 tum
432 2347 504 2394 vero,
515 2347 577 2381 cum
589 2337 636 2381 ant
647 2331 774 2381 scriberet
785 2331 818 2380 ad
829 2332 890 2381 illos
902 2336 948 2380 aut
959 2333 1073 2395 (literas)
1085 2333 1189 2381 illorum
1208 2333 1315 2397 legeret,
1330 2350 1391 2383 cou-

361 2418 486 2467 flceretur
496 2415 628 2479 lacrymis,
643 2415 690 2477 sic,
705 2420 735 2465 ut
745 2418 815 2465 terre
829 2430 884 2464 non
896 2419 992 2479 posset.

427 2504 507 2563 Quod
518 2504 622 2553 utinam
634 2504 723 2553 miuus
736 2505 805 2553 vitae
817 2503 908 2567 cupidi
920 2506 1049 2553 tuissent!
1075 2509 1146 2552 certe
1169 2503 1245 2564 uiuit
1265 2508 1312 2553 aut
1335 2521 1391 2554 uon

361 2592 487 2652 multam,
500 2592 530 2640 in
541 2593 596 2640 vita
608 2590 671 2640 mali
683 2591 820 2640 vidissent.

428 2674 504 2733 Quod
514 2674 537 2724 si
549 2689 577 2724 se
589 2678 616 2723 ct
628 2674 688 2724 illos
699 2674 732 2723 ad
745 2674 861 2738 aliquam
874 2675 987 2735 alicujus
998 2673 1129 2722 commodi
1148 2674 1290 2737 aliquando
1312 2691 1391 2724 recu--

361 2760 473 2823 parandi
484 2773 558 2821 spem
571 2760 681 2807 fortuna
692 2758 885 2818 reservavisset
912 2759 1002 2806 miuus
1024 2772 1081 2806 esse
1104 2764 1246 2807 erratuma
1262 2772 1291 2807 se
1308 2763 1335 2807 et
1358 2759 1392 2807 ab

362 2842 423 2898 illis;
438 2842 480 2891 sin
491 2841 557 2890 haec
569 2840 639 2889 mala
650 2842 702 2890 fixa
714 2840 780 2898 sint3
792 2855 820 2889 se
833 2856 895 2890 vero
907 2840 979 2890 illam
992 2841 1168 2902 (Terentiam)
1177 2855 1255 2903 qnam
1264 2841 1389 2903 primum,

360 2939 437 2975 suam
449 2925 540 2983 vitam,
553 2924 646 2987 cupite
657 2923 757 2983 videre,
771 2927 800 2971 et
810 2923 839 2970 in
850 2938 899 2972 suo
912 2924 1052 2985 complexu
1065 2923 1156 2980 eruori;
1182 2925 1289 2985 quando
1307 2938 1392 2986 neque

360 3007 415 3067 Dii,
429 3022 497 3070 quos
508 3006 554 3055 illa
565 3006 712 3055 castissime
724 3005 857 3065 coluisset,
872 3020 959 3069 neque
972 3005 1102 3065 homiues,
1117 3005 1214 3068 quibus
1227 3008 1283 3069 ipse
1309 3008 1391 3055 servi-

362 3096 453 3154 visset,
467 3094 519 3144 sibi
531 3098 558 3143 et
570 3094 609 3142 illi
621 3096 734 3156 gratiam
747 3093 909 3143 retulissent.

428 3181 462 3230 Se
475 3180 611 3229 Brundisii
624 3179 695 3243 apud
707 3180 743 3229 M.
756 3180 885 3229 Laenium
897 3180 1020 3228 Flaccum
1032 3179 1089 3227 dies
1107 3180 1178 3229 Xlll.
1195 3180 1286 3239 fuisse,
1312 3194 1392 3241 quem

363 3270 452 3318 virum
464 3270 597 3333 optimum
611 3267 760 3333 periculum
771 3270 829 3331 ejus
842 3270 1010 3317 fortunarum
1023 3273 1050 3315 et
1060 3268 1154 3330 eapitis
1175 3283 1237 3330 pree
1248 3282 1296 3317 sua
1307 3269 1392 3317 salute

365 3352 525 3415 neglexisse
551 3366 638 3414 neque
661 3350 728 3413 legis
741 3350 953 3414 improbissimae
975 3364 1061 3413 poena
1085 3350 1228 3399 deductum
1250 3365 1316 3410 esse,
1331 3368 1396 3415 quo-

360 3436 451 3485 minus
462 3435 571 3499 hospitii
582 3439 610 3484 et
621 3434 752 3483 amicitiae
764 3436 808 3497 jus
820 3436 988 3496 ciliciamque
1007 3439 1159 3496 praestaret.

429 3527 500 3575 Huic
512 3529 614 3575 utinam
627 3525 769 3589 aliquando
781 3528 893 3590 gratiam
906 3528 1004 3574 reterre
1027 3528 1142 3588 possent!
1171 3526 1316 3575 Habituros
1334 3527 1393 3589 qai-

362 3610 425 3658 dem
439 3624 552 3672 semper.

365 3744 516 3784 XVIII-CA
522 3744 573 3783 SSA
579 3743 667 3782 NDRA
690 3742 814 3781 SENECA
822 3744 849 3781 Ε.

439 3826 462 3865 Si
471 3825 532 3874 apud
543 3825 683 3872 Aeschylum
693 3824 758 3873 legis,
769 3824 847 3863 causer
866 3836 936 3874 quem
950 3826 1068 3875 dialogum
1088 3829 1146 3865 iuter
1163 3829 1357 3877 sgurriemuouam
1371 3832 1393 3865 ct

364 3894 517 3935 maeandrum
527 3894 622 3941 scripsit
631 3894 723 3931 Seuecs.

396 3983 426 4029 A.
448 3982 544 4031 Festus
555 3980 613 4029 dies
624 3986 672 4029 est
915 3982 944 4029 (l.
965 3982 1059 4029 Festus
1071 3985 1098 4028 et
1109 3982 1202 4043 'Frujae
1214 3983 1274 4029 tuit.

396 4048 427 4097 Α.
448 4048 609 4096 Veneremur
620 4060 690 4094 area.
915 4047 946 4095 (l.
965 4046 1203 4095 Ceciditautesras
1214 4053 1296 4111 peter.

397 4114 428 4161 Α.
449 4112 542 4161 Jovem
560 4126 697 4173 precemur
708 4112 813 4171 pariter.
916 4114 945 4160 0.
968 4113 1096 4159 Herceum
1107 4112 1211 4160 Joveml

397 4179 428 4227 Α.
450 4177 543 4227 Credis
555 4177 645 4225 videre
658 4181 683 4225 te
696 4176 786 4227 laura
911 4178 940 4226 Ο.
960 4177 994 4225 Et
1006 4178 1135 4225 Priamum
1148 4177 1233 4225 mmul.

395 4245 425 4292 A.
447 4242 499 4291 Hic
511 4244 593 4305 Troja
603 4256 659 4290 non
671 4246 719 4292 est
911 4244 944 4291 C.
962 4242 1015 4291 Ubi
1028 4243 1129 4291 Helena
1140 4248 1188 4303 est,
1199 4242 1304 4291 Troiam
1317 4249 1389 4307 pata.

396 4310 426 4359 Α.
447 4308 487 4357 Ne
499 4312 584 4357 metue
596 4307 727 4356 dominam
736 4308 842 4357 lamule.
913 4308 941 4357 G.
965 4308 1085 4356 Libertas
1096 4308 1176 4356 adest.

396 4376 427 4423 Α.
448 4373 546 4422 Secura
556 4375 625 4422 vive.
916 4374 945 4422 C.
967 4374 1039 4421 Mors
1052 4374 1112 4421 nihi
1126 4378 1166 4421 est
1177 4374 1314 4423 securitas.

396 4441 427 4488 Α.
445 4439 552 4488 Nullum
565 4443 607 4487 est
618 4438 745 4500 periclum
761 4438 876 4487 tibimet.
915 4440 944 4488 C.
966 4442 1000 4487 At
1011 4452 1131 4501 magnum
1144 4438 1202 4487 tibi.

394 4508 425 4555 Α.
444 4504 535 4554 Victor
548 4505 640 4553 timere
652 4504 717 4567 quid
737 4506 838 4569 potcstt
915 4505 944 4554 Ο.
965 4504 1042 4562 Quod
1053 4519 1107 4553 uon
1120 4505 1201 4554 timet
