3334 4900
326 369 349 417 4
715 363 952 414 LATINE.

327 593 550 642 i·-COLLOQU1A
569 593 653 633 HORA
664 593 712 632 ΤΙΛ
718 593 761 633 ΝΑ
767 624 773 643 ,
787 592 833 642 [“0
842 590 946 640 navis!'’1

520 733 544 783 0
556 733 646 782 navis!
678 736 796 783 referent
805 732 834 781 in
846 747 917 781 mere
930 736 956 780 te
968 734 1030 780 novi

520 822 648 870 Fluctusi
660 822 691 870 o!
712 820 778 884 qnid
789 821 865 882 agisi
881 819 985 867 fortiter
1001 834 1101 882 oeiupi

555 905 675 953 Portum.
711 901 806 951 Nonne
817 902 898 961 vities,
910 906 942 950 ιιι

587 985 695 1034 Nudum
707 984 819 1046 remigio
831 983 909 1034 latus

520 1069 555 1118 Et
566 1069 651 1119 malus
661 1068 741 1118 oeieri
752 1067 857 1117 saueius
872 1067 972 1128 Atrion,

521 1153 713 1215 Antennaeque
724 1153 848 1213 gementi
864 1165 894 1199 ao
905 1150 962 1199 sine
973 1151 1083 1200 funibus

586 1235 639 1284 Vix
650 1234 745 1283 durare
758 1233 864 1282 mrinae
911 1239 914 1244 “

524 1383 530 1394 ι
618 1320 728 1370 Possint
744 1319 915 1384 imperiosius

521 1405 643 1469 AEquori
670 1417 726 1453 non
736 1403 786 1452 tibi
799 1407 862 1452 sunt
872 1403 975 1466 integra
989 1403 1079 1464 lintea,

520 1487 581 1537 Non
592 1487 635 1548 Di,
649 1500 718 1550 quos
728 1485 826 1534 iterum
838 1499 927 1549 pressa
938 1499 1015 1535 voees
1025 1487 1102 1535 maio.

555 1569 690 1630 Quamvis,
705 1568 816 1617 Pontion
827 1568 914 1633 pinus,

587 1651 674 1702 Silvae
685 1651 739 1700 iilis
755 1651 865 1712 nobilis,

519 1741 609 1790 Jaotss
619 1743 647 1788 et
657 1753 742 1802 genus
753 1743 780 1788 et
791 1753 891 1788 nomen
901 1739 995 1787 inutile
1005 1761 1011 1798 ;

520 1827 565 1876 Nil
575 1825 654 1890 pistis
664 1825 775 1875 timidus
786 1825 875 1874 navita
886 1827 1021 1890 puppibus

556 1908 637 1958 Finit:
656 1912 694 1968 tn,
709 1907 761 1957 nisi
773 1910 862 1956 ventis

556 1997 644 2047 Debes
654 1997 809 2060 ludibrium,
830 1998 1069 2047 osve.-Horotius.

356 2184 414 2233 Hoo
425 2183 455 2232 in
466 2183 583 2232 earmine
594 2181 658 2246 quid
674 2180 726 2231 sibi
738 2181 795 2230 vult
813 2180 969 2230 vocabulum
985 2181 1112 2231 “navis’'i

355 2267 438 2316 Estne
449 2266 514 2315 haee
525 2264 601 2314 novis
611 2263 705 2313 oivitns
716 2265 855 2313 Romane?

354 2347 451 2400 Nonne
463 2345 642 2406 Quintilianus
652 2359 746 2394 navem
760 2344 898 2395 Horatium
910 2362 958 2410 pro
970 2362 997 2394 re
1009 2346 1114 2410 publiea
1124 2346 1211 2394 dicere
1223 2347 1341 2410 seripsiii

960 2430 1038 2480 Quini.
1054 2431 1109 2469 Inst-
1125 2431 1177 2469 m'ii.
1190 2430 1213 2469 b:
1223 2441 1255 2477 μ.

353 2498 446 2547 Sciens
456 2496 587 2561 exquisite
598 2511 652 2559 quo
663 2510 733 2544 anno
745 2496 871 2546 Horatius
881 2498 930 2545 boo
942 2512 1044 2546 carmen
1057 2498 1210 2560 scripserit?

358 2582 454 2632 Nonne
467 2580 507 2629 eis
518 2578 684 2643 temporibus
695 2579 770 2627 multi
782 2580 859 2629 novis
869 2580 947 2628 rebus
958 2580 1115 2629 studebant?

353 2665 436 2713 Poets
447 2663 530 2726 igitur
540 2662 589 2711 hos
602 2661 719 2711 “fluctus
730 2663 828 2710 novos’¹
842 2662 924 2722 timei,
939 2677 1025 2711 nonne
1035 2664 1046 2709 i

354 2746 421 2806 Quis
433 2746 597 2795 “fluctuum'’
610 2745 700 2810 inquit
711 2750 902 2809 “tempestates
913 2746 1037 2795 Horatius
1047 2762 1096 2810 pro
1118 2745 1195 2796 bellis
1217 2748 1341 2796 civilibus

322 2830 413 2880 dioit”i

353 2921 449 2971 Nonne
461 2919 588 2970 Octavius
599 2919 760 2983 gubernator
769 2922 828 2969 eet?
894 2918 961 2977 Quid
974 2924 1030 2968 orat
1043 2922 1185 2969 Horatius?

262 3014 268 3023 “
351 3005 447 3054 Nonne
460 3002 587 3053 Horatius
601 3004 725 3067 “portum
737 3018 785 3067 pro
794 3017 858 3067 pane
869 3008 895 3052 et
906 3004 1044 3052 coneordia
1054 3004 1145 3053 dieit'i
1156 3003 1214 3061 Quo
1226 3008 1337 3054 autore?

354 3086 487 3135 videntne
498 3086 569 3133 oouli
580 3091 672 3149 poetas
684 3086 759 3135 navis
770 3086 839 3135 latus
849 3088 947 3135 nudum
959 3086 1068 3150 remigio
1078 3091 1105 3135 et
1113 3088 1210 3136 malum
1220 3088 1338 3137 saucium

232 3226 235 3230 ,
321 3175 347 3219 et
358 3174 496 3219 antemnas
508 3172 644 3231 gementes
655 3183 685 3217 so
696 3170 811 3217 namnam
824 3169 868 3217 vix
885 3184 982 3232 sequor
992 3170 1086 3218 durare
1097 3175 1232 3233 poteuwm
1244 3173 1254 3219 i

352 3253 449 3302 Nonne
460 3251 489 3299 in
500 3249 577 3299 bellis
587 3250 710 3299 eiriiibus
721 3250 771 3299 flos
782 3251 903 3314 viresqne
915 3252 951 3299 rei
962 3252 1082 3315 publicae
1101 3252 1198 3301 suoeisi
1215 3256 1306 3301 oranti

353 3334 422 3391 Quid
433 3332 561 3383 Horatius
572 3332 673 3381 civitati
684 3334 871 3395 persimdereti
1275 3389 1277 3392 ¹

349 3422 445 3472 Nonne
458 3420 601 3471 “Utinam''
612 3419 699 3483 inquii
712 3420 823 3469 “eisitss
834 3421 980 3483 periculum
992 3437 1068 3470 suum
1086 3423 1270 3471 imminentem
1292 3422 1335 3469 vi·-

319 3502 432 3554 deret’i!
846 3548 849 3554 .

350 3586 401 3637 Gni
412 3586 482 3635 latus
493 3584 616 3633 nudnmi
649 3582 706 3642 Quo
719 3585 803 3633 malus
814 3586 918 3635 saucius
929 3589 987 3636 est?

352 3668 439 3729 Quare
451 3668 514 3717 nevi
532 3682 586 3716 non
597 3671 661 3715 sunt
670 3669 774 3730 integra
785 3668 888 3717 linteei

312 3784 313 3787 =
348 3754 435 3813 Quare
445 3750 481 3801 Di
492 3750 655 3799 immortales
667 3750 795 3800 Romame
812 3751 872 3799 irati
883 3755 962 3801 suut?

347 3842 443 3891 Nonne
453 3842 533 3903 poeta
544 3842 574 3887 ut
584 3837 684 3887 civitati
696 3838 827 3900 praesidio
839 3838 892 3887 sint
903 3841 997 3888 timet?

348 3923 407 3982 Qus
418 3922 447 3970 in
458 3924 533 3985 parte
545 3920 620 3969 navis
631 3925 705 3969 erant
717 3921 762 3969 Dii
780 3921 867 3984 picti?

348 4004 464 4055 Romani
475 4018 554 4067 saepe
565 4017 649 4065 genus
661 4007 687 4051 et
699 4018 797 4052 nomen
809 4003 951 4066 jactabant,
965 4020 1052 4053 nonne
1065 4008 1075 4054 ι

349 4088 442 4137 Genus
454 4090 481 4136 et
491 4100 590 4135 nomen
602 4084 690 4133 nobile
702 4100 752 4134 neo
764 4101 818 4135 non
830 4091 857 4134 et
868 4086 960 4135 inutile
972 4094 1019 4148 ost,
1034 4090 1141 4137 nonnei

299 4228 301 4233 ¹
349 4172 422 4221 Num
433 4170 523 4219 navita
534 4168 653 4229 timidus,
668 4168 730 4231 quia
742 4170 790 4217 hae
803 4185 905 4233 puppes
915 4172 999 4234 pictae
1011 4177 1080 4232 sunt,
1094 4174 1127 4221 iis
1138 4172 1215 4221 fiditi

351 4253 472 4303 Debetne
485 4253 561 4301 navis
572 4251 659 4300 ventis
670 4250 785 4300 ludibrio
796 4255 870 4301 essei

350 4346 446 4395 Nonne
456 4343 618 4404 gubernator
630 4345 765 4405 Augustus
778 4344 900 4393 “clavum
912 4346 1004 4394 affixus
1026 4352 1052 4395 et
1074 4348 1184 4396 haerens
1206 4363 1337 4411 nusquam

317 4432 420 4481 amittet
431 4432 574 4493 oculosque
585 4429 635 4479 sub
647 4434 717 4481 astro
729 4432 860 4479 tenebit''i
