3334 4900
741 367 983 418 LATINE.

417 576 512 624 Nonne
526 575 673 622 Divitiacus
684 574 751 622 dicit
761 573 899 623 Gaesarem
911 575 1042 621 deterrere
1054 588 1131 636 posse
1143 588 1177 622 ne
1188 576 1275 638 major
1286 576 1376 623 multi-

483 658 549 704 tudo
561 657 753 705 Germanorum
771 655 896 704 Rhenum
913 656 1083 703 traducaturl

418 742 513 789 Nonne
525 740 672 788 Divitiacus
683 739 749 786 dicit
760 754 765 784 :
800 738 819 763 ‘⁶
827 741 876 797 Tu,
891 739 933 786 rel
944 738 1098 785 secuntus
1109 742 1156 786 tua
1167 742 1247 801 atque
1263 742 1375 787 exercit-

482 842 514 875 us
525 829 567 874 vel
577 825 676 874 recenti
689 826 804 886 victoris,
819 825 861 872 vel
872 824 980 871 nomine
1002 824 1093 886 populi
1114 826 1236 884 ltomuui,
1258 826 1378 874 deterere

488 914 564 972 potes
575 923 609 956 ne
621 911 707 970 msjor
719 907 862 954 multitudo
880 906 1003 954 Rhenum
1021 907 1171 954 traducetur
1180 909 1191 954 l
1200 909 1215 928 ”

419 992 515 1040 Nonne
526 992 674 1039 Divitiacns
686 990 765 1038 dicit:
804 990 873 1037 “Tu
885 989 998 1037 Galliam
1008 1003 1114 1036 omnem
1127 989 1160 1037 ab
1173 990 1297 1039 Ariovisti
1311 991 1380 1052 inju-

487 1075 526 1121 ria
537 1077 614 1136 potes
625 1072 784 1120 defenderet
793 1071 807 1094 ’⁹

356 1205 584 1246 Vll-CAESARIS
597 1204 714 1244 MANDA
725 1203 760 1242 ΤΑ
777 1205 810 1244 ad
822 1204 1005 1252 POMPEJUM.
1021 1205 1048 1245 B.
1061 1205 1139 1251 civili,
1154 1205 1174 1246 I.
1190 1206 1234 1246 ΙΧ.
1244 1211 1271 1253 (o.
1282 1209 1314 1252 r.)

422 1299 490 1350 Mihi
502 1313 608 1362 semper
617 1297 778 1360 reipublicae
790 1297 877 1360 prime
887 1298 941 1346 fuit
951 1298 1068 1360 dignitus
1080 1299 1187 1363 viteque
1199 1301 1303 1363 potior,
1333 1301 1381 1350 do·

352 1386 390 1434 lui
401 1385 473 1447 quod
484 1385 577 1448 populi
588 1385 702 1434 Romani
714 1383 873 1433 beneficium
886 1384 951 1432 mibi
973 1399 1021 1448 per
1035 1386 1224 1434 contumelium
1241 1387 1275 1436 ab
1292 1389 1383 1437 inimi·

351 1468 391 1516 cis
402 1467 616 1529 extorquebatur,
632 1472 775 1530 ereptoque
787 1466 928 1516 semenstri
939 1467 1057 1529 imperio,
1071 1467 1101 1515 in
1112 1468 1205 1516 urbem
1223 1471 1377 1520 retrahebar

352 1550 558 1613 cujussbsentis
575 1551 703 1598 rationem
716 1548 807 1597 haberi
828 1549 956 1611 proximis
976 1549 1092 1598 comitiis
1109 1552 1224 1613 populns
1240 1552 1381 1613 jussis-en

352 1638 441 1682 tamen
452 1633 521 1682 hano
532 1635 659 1696 jucturam
671 1632 781 1681 honoris
793 1632 844 1680 mai
862 1632 1020 1694 reipublicae
1031 1647 1109 1682 censu
1117 1648 1203 1696 aequo
1214 1635 1305 1682 animo
1319 1637 1380 1683 tuli:

352 1730 436 1779 quum
448 1715 549 1763 litteras
560 1715 593 1762 ud
605 1720 725 1763 senetum
739 1714 807 1773 misi,
831 1719 862 1761 nt
871 1729 965 1762 omnes
985 1714 1019 1762 sb
1027 1715 1188 1764 exercitibus
1209 1716 1376 1766 discederent

353 1813 387 1846 ne
399 1798 427 1847 id
450 1799 558 1862 quidem
580 1797 728 1859 impetrsvi,
759 1801 813 1844 tots
831 1796 907 1844 Iteliu
929 1797 1046 1846 delectus
1068 1797 1208 1857 habentur,
1234 1799 1385 1848 retinentur

353 1881 473 1942 legiones
483 1880 560 1939 duee,
573 1893 640 1943 quae
652 1878 685 1926 ab
699 1892 740 1926 me
753 1878 921 1927 simulatione
933 1880 1049 1927 Parthici
1067 1879 1129 1928 belli
1151 1886 1216 1929 sunt
1237 1881 1377 1930 abductae:

353 1963 448 2010 civitas
459 1967 500 2010 est
511 1965 540 2011 in
551 1962 639 2010 ermis.
676 1961 796 2018 Quonam
809 1962 874 2009 haec
885 1962 983 2022 omnia,
996 1961 1048 2010 nisi
1065 1963 1098 2010 sd
1116 1978 1201 2012 meam
1219 1964 1375 2027 perniciem,

354 2045 527 2109 pertineant?

420 2128 472 2175 Sed
485 2131 575 2174 tumen
586 2126 619 2174 ad
631 2127 720 2174 omnis
732 2127 889 2173 descendere
902 2129 1008 2188 putatus
1019 2141 1086 2184 sum,
1106 2131 1186 2190 atque
1210 2129 1301 2176 omnia
1325 2132 1381 2192 peti

354 2209 516 2273 reipublicae
528 2223 613 2258 eausa
650 2209 827 2256 Proficiscaris
841 2209 862 2255 0
875 2209 1011 2271 Pompeje,
1025 2211 1052 2256 in
1065 2214 1124 2257 tues
1140 2211 1307 2273 provin-ciam
1327 2226 1377 2260 uos

355 2297 433 2360 (ipsi)
445 2297 577 2346 exercitus
588 2296 767 2352 diruittsmus;
788 2296 925 2344 discedunt
937 2296 965 2344 iu
979 2297 1054 2345 Italia
1063 2311 1155 2346 omnes
1164 2297 1197 2346 sb
1210 2298 1307 2358 ermis,
1328 2313 1383 2346 me-

355 2387 399 2429 tus
410 2396 424 2429 e
437 2380 544 2428 civitate
556 2379 678 2439 tbllutur3
699 2379 782 2427 libere
794 2379 910 2435 comitia,
923 2385 1003 2442 utque
1014 2381 1101 2427 omnis
1113 2379 1262 2443 respublica
1274 2383 1380 2429 senatui

356 2464 509 2527 populoque
522 2464 643 2511 Romano
655 2463 830 2526 permittetur.
881 2464 952 2510 llaec
965 2478 1019 2524 quo
1030 2463 1135 2511 facilius
1147 2464 1278 2525 certisque
1290 2464 1385 2513 condi-

355 2548 475 2595 tionibus
485 2547 559 2605 fient,
575 2551 602 2593 et
620 2547 778 2609 J'urJ'urando
790 2547 949 2603 sauciantur,
976 2552 1021 2593 aut
1032 2551 1061 2594 tu
1074 2546 1184 2609 propius
1197 2547 1312 2606 sccedss,
1338 2554 1386 2596 out

359 2630 527 2692 meputiatur
543 2628 680 2688 accedere,
723 2644 770 2691 per
781 2629 913 2691 colloquia
935 2644 1028 2677 omues
1056 2631 1250 2678 controversiae
1274 2645 1381 2694 compo

360 2716 466 2761 nentur.

363 2829 466 2868 VIII-A
475 2827 624 2867 ENEIDOS.
640 2828 708 2876 {Pars
723 2829 828 2867 Tertia-0.
839 2828 866 2873 s.]

421 2918 493 2966 Dum
505 2919 625 2980 Troum,
639 2918 729 2966 Sicilie
744 2918 798 2978 Jem
818 2918 918 2968 relicta.
932 2918 988 2965 vele
1007 2920 1114 2966 navium
1128 2919 1197 2965 lseto
1218 2918 1332 2965 clamore
1345 2933 1388 2964 ex-

356 3000 464 3063 plicant,
478 3000 628 3063 fluctusque
642 3000 720 3047 meris
744 3000 829 3061 proris
842 3000 956 3052 findunt.
970 3001 986 3048 J
989 3016 1049 3058 uuo,
1064 3004 1153 3048 animo
1166 3001 1302 3047 veteribus
1313 3000 1385 3061 iuju-

356 3088 403 3137 riis
414 3090 527 3147 intento,
542 3102 631 3136 secum
644 3089 680 3135 itu
691 3087 789 3149 inquit:
810 3088 952 3149 ‘'Gogorne
962 3088 1062 3135 scilicet
1075 3103 1133 3135 meo
1142 3092 1238 3135 consto
1247 3088 1384 3145 desistere,

357 3170 432 3234 qussi
456 3172 564 3218 Aenean
586 3169 620 3218 ab
642 3169 718 3217 ltalia
741 3169 881 3232 prohibere
907 3172 1048 3231 nequeam?
1082 3170 1184 3218 Mihine
1201 3170 1385 3230 lntsobstsut,

355 3272 507 3321 quenquum
532 3258 674 3311 Minervae,
689 3256 811 3304 incensae
832 3256 945 3303 crimine
966 3258 1108 3319 furoreque
1124 3257 1217 3319 djacis.
1235 3257 1304 3305 Oilei
1327 3258 1384 3315 filii,

357 3344 436 3392 unius
448 3358 463 3392 e
474 3343 587 3392 ducibus
599 3343 767 3399 Graecorum,
781 3342 865 3399 licuit,
880 3348 910 3390 ut
921 3357 1002 3390 naves
1013 3358 1104 3390 eorum
1114 3358 1243 3402 exureret,
1255 3348 1283 3390 et
1294 3349 1389 3391 nautes

356 3425 509 3475 submersos
517 3426 688 3473 interficeretl
723 3425 770 3473 llls
781 3425 899 3487 quidem,
914 3424 1027 3472 fulmine
1039 3425 1115 3473 «Iovis
1127 3440 1174 3473 sua
1186 3440 1267 3473 manu
1279 3426 1385 3482 emisso,

356 3510 468 3557 navibus
479 3508 624 3571 dissipatis,
635 3507 761 3555 fluctibus
773 3512 853 3555 vento
862 3507 977 3571 jactatis
990 3507 1094 3568 Ajacem
1103 3507 1157 3568 jam
1171 3508 1338 3555 vulneremur
1352 3508 1390 3569 ig·

356 3591 439 3655 nique
456 3594 609 3653 correptum
632 3590 783 3652 prehendit,
798 3594 824 3637 et
837 3590 898 3653 rupi
921 3605 1027 3651 asperae
1045 3590 1152 3650 adfirit;
1173 3590 1239 3637 mihi
1259 3591 1386 3637 nimirum

355 3679 414 3736 soli,
427 3678 536 3737 reginae
553 3677 675 3730 deorum.
692 3678 708 3725 J
710 3677 768 3725 ovis
787 3677 872 3724 sorori
883 3677 1052 3738 conjugique,
1067 3691 1128 3723 cum
1141 3691 1193 3723 una
1203 3677 1311 3724 natione
1322 3681 1388 3723 tum-

355 3760 401 3808 din
414 3760 515 3809 bellum
527 3758 678 3807 ducendum
691 3764 746 3819 eet,
767 3760 828 3821 quis
839 3759 948 3806 tandem
960 3758 1018 3817 erit,
1031 3759 1077 3819 qui
1090 3773 1131 3805 me
1142 3759 1252 3819 posthoc
1262 3759 1318 3803 sive
1331 3774 1390 3820 pre-

355 3841 431 3890 cibus
443 3842 499 3890 sire
511 3840 648 3890 sacrificiis
659 3840 773 3887 honoret
784 3842 794 3887 l

358 3957 537 3996 IX-CICERO
550 3956 626 3995 DIXI
630 3956 649 3995 T
661 3955 751 4005 QUIRI
756 3956 847 3994 TIBUS
852 3969 860 3994 :
883 3954 920 4002 [In
940 3956 989 3993 cat.
1006 3955 1038 4000 II,
1051 3968 1069 3993 o.
1083 3954 1111 4000 u]

424 4041 489 4106 [II.]
502 4042 570 4091 Acsi
582 4041 643 4103 quis
655 4045 725 4091 esset
733 4041 800 4100 tulis,
813 4040 904 4103 quales
916 4054 1072 4087 esseomnes
1081 4043 1223 4101 oporteret,
1237 4039 1283 4101 qui
1297 4040 1324 4086 in
1334 4040 1384 4087 hoc

356 4126 424 4190 ipso,
449 4126 478 4174 in
490 4140 544 4189 qno
556 4125 727 4173 exsultaretet
740 4124 915 4187 triumpharet
926 4124 1010 4171 oratio
1022 4138 1077 4182 suu,
1103 4137 1131 4171 se
1153 4124 1322 4171 vehementer
1345 4138 1388 4171 uc·
1463 4141 1466 4147 ·

356 4212 468 4265 cnseret,
483 4207 556 4271 quod
568 4211 619 4256 tem
629 4207 764 4270 capitalem
774 4207 874 4255 hostem
885 4221 939 4253 nou
951 4206 1192 4269 comprehendisset
1202 4207 1292 4268 potius
1302 4221 1382 4267 quum

357 4293 501 4353 emisisset;
539 4305 594 4339 non
606 4274 663 4338 esse
681 4304 735 4337 eam
753 4291 855 4352 culpem
873 4304 945 4337 suam
963 4289 1009 4337 sed
1026 4294 1185 4352 temporum.
1207 4290 1381 4336 Interfectum

357 4391 414 4425 esse
425 4376 455 4424 L.
469 4374 609 4424 (lstilinsm
623 4377 649 4421 et
660 4372 813 4435 gravissimo
826 4372 957 4435 supplicio
969 4373 1091 4419 affectum
1103 4372 1263 4434 jampridem
1276 4380 1384 4434 oportu-

357 4459 424 4517 isse;
445 4457 526 4520 idque
538 4471 553 4504 s
565 4470 592 4505 se
605 4459 631 4503 et
644 4470 741 4503 morem
755 4458 886 4517 muJ'orum
904 4460 931 4502 et
947 4456 1028 4518 hujus
1047 4455 1149 4517 imperii
1171 4457 1339 4503 severitttem
1358 4459 1385 4501 et
