3334 4900
683 308 921 360 LATINE.

360 513 429 570 Quid
440 515 505 563 tecit
515 514 659 578 Diogenes?
692 514 784 564 Nonne
795 515 928 580 Diogenes
937 515 1111 566 stultissimus
1122 513 1188 562 fuiti

360 602 455 650 Nonne
467 616 561 652 manus
573 602 686 666 [nostra]
699 603 782 652 multa
793 604 877 652 officia
886 603 963 651 utilia
974 604 1122 667 praestant?

361 685 533 734 Praestantne
545 700 639 735 manus
649 686 735 736 officia
747 685 851 735 utiliore
858 699 938 748 quum
949 687 1037 734 ames?

362 766 457 815 Nonne
468 767 555 817 officia
566 783 692 817 manuum
705 771 732 818 et
743 769 846 818 surium
857 767 996 817 dissimilia
1011 769 1088 817 suut?

363 956 463 1022 Vulpes
475 957 542 1007 vidit
552 959 653 1008 leonem
665 957 765 1007 retibus
781 959 934 1021 captumst
957 961 1031 1006 stans
1052 971 1144 1020 prope,
1171 954 1323 1004 ludificavit

414 1040 487 1092 'eum
499 1046 651 1094 insolenter.
685 1045 740 1094 Leo
751 1048 844 1103 sutem,
865 1042 884 1068 “
894 1043 954 1092 Nou
965 1043 1020 1103 tu,”
1043 1043 1143 1112 iuquit,
1160 1043 1222 1090 “me
1233 1041 1323 1090 ludifi-

428 1141 481 1188 cas,
493 1128 539 1176 sed
552 1127 646 1176 mulum
657 1127 728 1190 quod
740 1125 768 1174 in
781 1139 820 1173 me
832 1124 952 1174 inuidit.”

365 1207 417 1266 Qui
429 1208 506 1259 belua
517 1214 558 1259 est
569 1223 616 1258 rex
629 1209 755 1258 feramur?
785 1207 879 1256 Nonne
890 1207 981 1256 leones
995 1209 1024 1255 in
1035 1204 1125 1255 Atrion
1147 1205 1320 1268 reperiuntur

431 1291 490 1356 [aut
501 1291 615 1340 Africam
628 1289 779 1352 habiteutJl
796 1288 888 1339 Nonne
899 1287 933 1339 ab
943 1287 1116 1338 venatoribus
1127 1287 1281 1351 capiuntur

276 1457 281 1462 θ
365 1381 502 1440 Quomodo
514 1387 653 1432 venatores
663 1381 753 1430 leones
769 1381 887 1446 capiunt?
902 1381 997 1431 Nonne
1020 1379 1198 1444 periculosum
1221 1381 1262 1427 est
1285 1377 1325 1426 le·

431 1483 496 1518 ones
506 1471 613 1534 capere?
645 1469 729 1518 Estne
740 1467 803 1518 boni
814 1467 879 1518 ulios
889 1468 1034 1518 insolenter
1043 1465 1191 1516 ludificaret

365 1551 447 1600 Fstne
460 1551 519 1600 mali
531 1551 597 1600 alios
608 1551 689 1600 amice
699 1550 841 1602 ludificare.

365 1638 460 1688 Nonne
472 1639 566 1702 vulpes
577 1639 678 1687 leonem
690 1637 822 1698 timuissit,
837 1638 860 1687 si
872 1636 972 1686 retibus
992 1639 1085 1700 captus
1096 1650 1150 1684 nou
1163 1635 1245 1684 essetl

365 1721 461 1770 Nonne
472 1720 518 1770 alii
529 1721 595 1770 alios
605 1719 742 1770 ludificant
753 1720 821 1783 quod
833 1719 899 1768 mula
909 1719 938 1768 iu
950 1734 996 1767 eos
1011 1718 1175 1766 incidemus

365 1803 447 1853 Visne
455 1804 521 1852 mula
533 1804 575 1852 vel
587 1804 657 1853 bona
668 1805 698 1852 in
709 1807 736 1853 ts
747 1803 873 1852 incideret

366 1885 494 1949 Numquis
506 1886 563 1934 vult
575 1886 640 1934 mula
653 1886 681 1935 in
693 1900 751 1934 enm
764 1885 889 1934 inciderei

305 2073 514 2114 III-MILITIA:
535 2073 604 2111 Dicta
621 2073 781 2112 Concutenara.

371 2158 484 2219 Bellum,
505 2172 604 2222 pugna,
626 2157 764 2221 proelium,
784 2157 929 2217 tumultus3
954 2157 1106 2219 imperator,
1127 2155 1192 2218 dux,
1214 2156 1329 2219 legatus,

304 2244 439 2303 quaestor,
459 2239 582 2288 uibuuus
599 2238 725 2294 militum,
743 2241 889 2302 preelectus
909 2238 1024 2286 militum
1042 2237 1185 2301 (equitum,
1208 2236 1330 2297 fabrum)

307 2322 424 2383 decurio,
438 2321 520 2386 optio,
535 2321 695 2384 primipilus,
710 2321 836 2384 (primum
849 2321 931 2384 pilum
944 2320 1062 2380 ducere).
1081 2321 1202 2368 centurio
1219 2321 1330 2383 (ducere

306 2403 449 2467 ordinem),
464 2403 561 2453 milites
569 2404 657 2467 gravis
668 2408 821 2464 armaturae,
834 2402 997 2467 (legionarii)
1005 2403 1139 2465 cohortes,
1153 2402 1327 2467 (manipulus,

308 2486 439 2550 centuria)
450 2486 524 2547 ordo,
539 2486 637 2534 milites
648 2486 714 2535 levis
725 2492 878 2547 armaturae,
891 2485 1049 2547 lunditores,
1062 2484 1201 2549 sagittarii,
1215 2490 1328 2549 equites,

306 2570 370 2632 dae,
398 2572 510 2630 turmae,
529 2568 660 2629 decuriae,
679 2568 788 2630 evocati,
808 2567 886 2630 labri,
909 2568 1095 2632 speculatores
1133 2569 1221 2627 Arma,
1240 2568 1331 2626 masis,

307 2652 391 2715 galea,
414 2650 518 2715 (crista)
529 2651 638 2715 clipeus,
660 2655 773 2711 scutum,
792 2666 890 2714 parma,
904 2650 983 2714 pelta,
1003 2649 1113 2713 (umbo)
1130 2649 1220 2710 lorica,
1243 2664 1329 2709 ocrea,
1428 2672 1431 2678 ·

308 2736 368 2797 teln,
383 2734 494 2798 gladius,
521 2734 683 2798 (Hispanus)
706 2733 814 2795 balteus,
829 2734 973 2797 cingulum,
988 2733 1080 2797 (ensis,
1095 2748 1196 2794 mucro,
1215 2734 1331 2793 ferrum)

307 2817 391 2879 hesta,
401 2817 494 2881 pilum,
507 2816 633 2879 jaculum.
647 2831 732 2873 arcus,
744 2817 962 2879 sagittae,funda,
974 2816 1083 2879 lapides,
1095 2815 1213 2879 glandes,
1225 2830 1329 2879 sngum,

308 2900 456 2965 (sagellum)
468 2902 566 2961 tunica,
581 2899 688 2963 caligae,
702 2900 899 2963 impedimenta,
910 2901 1035 2959 sarcinae,
1050 2898 1120 2959 valli,
1136 2912 1206 2957 vasa,
1222 2896 1330 2957 cibaria,

309 2985 463 3050 impeditus,
478 2986 528 3035 sub
545 2986 663 3045 sarcinis,
677 2986 723 3048 (ux
735 2984 828 3046 librae)
841 2986 914 3048 (rasa
925 2985 1111 3046 conclamare),
1126 2984 1273 3048 expeditus,
1287 2999 1332 3047 ng-

311 3083 374 3117 meu
384 3068 492 3132 (agmen
504 3067 682 3131 quadratum),
692 3066 827 3131 oppidum,
837 3082 869 3115 ex
876 3067 970 3115 itinere
980 3081 1142 3130 oppugnare,
1147 3068 1228 3129 fossa,
1240 3081 1331 3130 agger,

310 3152 391 3215 (quse
403 3152 437 3199 ad
451 3152 552 3199 fossam
565 3150 747 3213 complendum
766 3151 912 3213 pertinent)
924 3165 1022 3210 murus,
1037 3153 1137 3212 portae,
1156 3152 1250 3209 turres,
1263 3149 1335 3198 bitu-

311 3253 383 3296 men,
395 3237 441 3302 pix
461 3237 570 3301 liquida,
584 3237 680 3298 oleum,
701 3251 762 3285 saxa
782 3236 902 3297 rotunda,
921 3236 1009 3285 trabes
1026 3239 1053 3285 et
1069 3236 1188 3285 tabulata
1199 3235 1333 3299 (“subitis

311 3320 436 3385 operibus
444 3320 577 3369 addendas
586 3320 616 3368 fit
627 3320 710 3369 muris
721 3319 762 3368 vel
771 3318 976 3383 propugnaculis
984 3318 1097 3367 altitudo
1108 3333 1142 3367 ue
1153 3318 1333 3367 adversarium

312 3404 424 3453 mobiles
433 3407 519 3453 turres
527 3402 767 3467 superemineant’‘)
777 3402 877 3465 onagri,
887 3401 1013 3461 ballistae,
1023 3400 1179 3464 catapultae,
1191 3404 1333 3460 tormenta,

290 3517 292 3522 -
313 3485 470 3547 testudines,
484 3485 588 3546 arietes,
603 3484 693 3541 falces,
705 3486 803 3545 vineae,
818 3484 910 3548 plutei,
927 3484 1049 3545 musculi,
1069 3488 1155 3532 turres
1167 3483 1280 3533 mobiles
1292 3485 1335 3532 vel

313 3573 511 3635 ambulatorius,
537 3573 682 3637 (interdum
709 3572 822 3621 tricenos
844 3572 924 3633 pedes
952 3586 999 3635 per
1028 3572 1168 3635 quadrum,
1199 3571 1334 3620 interdum

313 3657 517 3721 quinquagenos
539 3656 606 3705 latae
626 3660 696 3704 sunt.
735 3656 767 3703 Iu
786 3654 957 3703 inferioribus
972 3654 1052 3703 habet
1064 3654 1184 3712 arietem,
1200 3654 1269 3703 circa
1280 3669 1335 3702 me-

313 3745 384 3795 diam
396 3750 498 3809 partem
511 3743 607 3807 accipit
618 3746 735 3807 pontem,
749 3742 777 3791 iu
788 3742 967 3806 superioribus
976 3741 1096 3805 portibus
1116 3742 1246 3805 sagittarii
1256 3742 1336 3790 collo-

314 3836 429 3897 cantur),
448 3834 570 3895 malleoli,
595 3833 725 3891 falaricse,
743 3832 866 3897 (altitudo
888 3832 972 3881 muris
993 3832 1107 3893 additur,
1123 3832 1164 3881 vel
1181 3811 1334 3881 cuniculum

314 3918 493 3978 subfodiunt),
513 3916 628 3979 vigiliae,
640 3916 770 3975 custodes,
784 3915 867 3963 scalae
887 3915 920 3963 ad
943 3914 1085 3978 capiendos
1101 3930 1201 3975 muros,
1229 3917 1335 3979 (muros

315 4006 395 4052 noctu
407 4000 589 4051 conscendunt
598 4000 645 4048 sed
665 3998 784 4048 acerrimi
795 4014 873 4047 canes
884 3998 987 4058 latratu,
1001 4001 1029 4047 et
1049 4012 1155 4048 anseres
1174 3998 1336 4047 clamoribus

313 4089 473 4134 nocturnum
487 4086 674 4147 superventum
686 4080 815 4142 indicant)
827 4081 916 4130 hostes
928 4081 1093 4143 (multitudo,
1104 4082 1189 4142 ferox,
1201 4081 1334 4142 immanis,

311 4182 415 4217 summa
426 4166 536 4227 virtute,
549 4168 615 4225 etc.)
628 4165 697 4213 acies
719 4164 853 4224 instructu,
868 4165 1026 4212 contendere
1038 4162 1125 4227 (cum)
1141 4178 1270 4227 pugnare,
1283 4178 1338 4213 me-

309 4267 375 4301 num
387 4264 535 4310 conserere,
545 4248 677 4307 dimicare,
689 4247 821 4305 vexillum,
837 4245 912 4309 signa
924 4248 1332 4311 inferre,proferre,promovere,

310 4337 472 4395 convertere,
500 4334 606 4392 referre,
620 4331 751 4389 conferre,
776 4328 932 4385 convellere,
950 4330 1051 4390 efferre,
1065 4329 1166 4389 tollere,
1186 4330 1338 4393 manipulos

315 4418 348 4468 ad
365 4417 441 4481 signa
458 4417 602 4476 continere,
616 4413 730 4477 asignis
741 4413 881 4474 discedere,
896 4413 1065 4462 retrocedere.
1086 4411 1187 4462 Milites
1196 4414 1337 4475 cohortari,
