3334 4900
782 313 1026 387 numnis.
1388 312 1408 360 7

452 521 547 570 Nonne
560 506 850 614 ornnem'uobilitatem,
863 532 966 568 omnem
985 521 1113 579 senatum,
1136 531 1241 566 omnem
1263 517 1411 581 equitatum

515 585 674 634 amiserunt.

381 654 386 663 ’
452 673 548 721 Nonne
559 671 658 720 dietum
670 686 685 720 a
696 670 830 720 Divitiaoo
843 684 963 734 magnam
975 669 1148 718 calamitatem
1161 669 1250 733 pulsos
1261 684 1306 718 eos
1322 683 1412 732 aecep-

516 737 568 786 isse
589 751 689 786 omnem
702 736 876 797 nobilitatem,
900 749 1006 784 omnem
1029 739 1155 796 senatum,
1179 749 1285 784 ornnem
1307 735 1410 798 equita-

515 807 571 852 tum
583 803 717 853 amisimei

450 887 548 936 Nonne
559 891 621 936 ante
631 885 774 950 plurimum
786 887 933 949 potuerunt
955 884 1039 933 Aedui
1061 886 1090 932 et
1099 897 1148 932 ans
1159 883 1258 932 virtute
1278 886 1306 932 et
1317 882 1411 947 populi

517 951 630 1002 Romani
641 951 758 1016 hospitio
769 955 850 1014 atque
860 949 993 998 amicitia?

453 1035 558 1095 Quibus
568 1035 648 1084 rebus
658 1035 736 1084 fraoti
748 1038 812 1084 sunt
823 1033 922 1084 Aedui?

453 1121 526 1181 Quid
536 1123 624 1172 iaoere
636 1120 719 1170 ooaoti
732 1123 808 1170 suut?

454 1210 550 1259 Nonne
563 1207 649 1258 Aedui
661 1207 739 1257 traoti
750 1207 836 1257 eoaoti
847 1210 912 1256 sunt
933 1207 1062 1268 Sequanis
1083 1207 1189 1257 obsides
1199 1207 1261 1257 dere
1272 1205 1412 1256 nobilissi-

517 1303 572 1342 rnoe
582 1290 697 1340 mvitada
707 1294 734 1340 et
744 1290 919 1354 iureiurando
929 1290 1062 1340 oivitatesn
1071 1289 1236 1354 obstringere
1247 1303 1304 1340 sese
1315 1301 1402 1352 nequa

516 1372 626 1424 obsides
641 1373 801 1437 repetituros
811 1387 901 1436 neque
911 1372 1039 1422 auxilium
1050 1386 1066 1421 a
1076 1372 1175 1437 populo
1186 1373 1305 1422 Romano
1316 1369 1409 1434 implo-
1504 1419 1508 1425 ,

518 1459 622 1504 raturos
633 1467 720 1517 neque
727 1457 896 1503 recusaturos
905 1467 961 1516 quo
973 1454 1060 1503 minus
1081 1459 1209 1519 perpetuo
1227 1453 1278 1502 sub
1300 1452 1405 1505 illoram

517 1535 714 1598 dieioneatque
726 1535 955 1600 imperioessentt
1403 1536 1407 1541 '

452 1620 593 1670 Iuravitne
605 1618 772 1668 Diritiaousi

453 1703 571 1752 Deditne
583 1701 628 1751 ills
638 1701 737 1751 liberos
747 1715 811 1752 suos
821 1700 941 1752 obsideat

453 1786 549 1836 Nonne
561 1784 709 1834 Diuitiaene
720 1799 790 1834 unus
801 1785 856 1835 tuit
866 1799 901 1834 ex
912 1785 985 1834 omni
1002 1785 1108 1835 oiritete
1131 1784 1282 1834 Aeduorum
1304 1784 1353 1847 qui
1363 1783 1410 1834 ad-

516 1866 578 1916 dnoi
589 1881 644 1915 non
656 1865 787 1930 potuisset
797 1869 829 1915 nt
838 1867 942 1930 juraret
952 1871 999 1916 aut
1010 1865 1108 1916 liberos
1115 1881 1179 1916 suos
1186 1865 1292 1916 obsides
1301 1866 1394 1915 deret?

452 1949 548 1999 Nonne
559 1947 707 1998 Divitiaous
718 1947 800 1998 dicit:
848 1950 865 1975 ‘⁴
874 1949 952 2000 Unus
962 1964 1020 1999 aum
1031 1963 1063 1999 ex
1085 1950 1159 1999 omni
1179 1948 1285 1998 eivitute
1308 1948 1411 1998 Aeduo-

519 2049 577 2084 rum
589 2035 637 2098 qui
648 2035 743 2085 adduei
754 2049 810 2085 non
822 2035 954 2100 potuerim
966 2042 997 2086 ut
1016 2038 1131 2100 jurarem
1153 2039 1200 2085 aut
1219 2035 1318 2085 liberos
1341 2048 1412 2083 meos

517 2117 624 2168 obsides
635 2118 769 2168 darem?”
1364 2129 1373 2138 ·

454 2198 630 2259 Quamobrem
643 2213 677 2248 ex
688 2199 795 2250 civitate
812 2200 969 2264 profugitv,
995 2200 1127 2259 Quorsum
1139 2199 1352 2252 Romamveniti

453 2285 512 2342 Qua
522 2282 557 2331 de
568 2297 647 2332 eausa
657 2281 807 2332 Diuitiaene
817 2285 947 2333 auxilium
962 2283 1095 2348 postulare
1111 2284 1248 2346 potuerat?

453 2367 550 2418 Nonne
562 2379 578 2416 a
591 2365 718 2415 Divitiaoo
729 2365 830 2414 dieitur
840 2380 855 2414 ε-
882 2365 954 2416 “Ob
966 2381 1025 2416 eam
1036 2381 1092 2416 rem
1104 2380 1137 2416 ex
1147 2365 1254 2415 civitate
1266 2363 1373 2429 profugi
1385 2368 1413 2414 et

407 2516 409 2520 ⁷
520 2450 634 2499 Romam
646 2448 680 2498 ad
691 2448 820 2498 Senatum
832 2452 895 2499 veni
911 2449 1039 2499 auxilium
1062 2448 1224 2518 postulatum
1246 2448 1319 2511 quod
1339 2448 1413 2497 solus

515 2545 604 2594 neque
619 2530 793 2595 jurejurando
805 2545 893 2594 neque
903 2531 1043 2581 obsidibus
1053 2530 1162 2582 tenebar
1169 2532 1182 2581 i
1190 2531 1204 2553 ”

450 2620 545 2668 Nonne
556 2620 634 2683 pejus
645 2616 790 2668 victoribus
801 2618 933 2681 Sequania
944 2634 1022 2682 quom
1034 2618 1112 2668 vietis
1123 2618 1221 2667 Aeduis
1232 2617 1348 2667 aooiditi

452 2702 547 2752 Nonne
560 2702 708 2771 Ariovistus
718 2715 765 2750 rer
778 2702 974 2753 Germanorum
985 2704 1014 2752 iu
1024 2716 1116 2751 eorum
1127 2701 1227 2751 finibus
1236 2702 1374 2752 oouseditt

451 2788 547 2837 Nonne
559 2785 707 2835 Ariovistus
717 2785 823 2853 tertiam
834 2790 938 2849 partem
950 2786 1006 2850 agri
1024 2786 1140 2851 Sequani
1160 2786 1206 2849 qui
1229 2791 1271 2836 eat
1292 2786 1411 2850 optimus

517 2852 601 2901 totius
613 2850 713 2900 Gsiliae
724 2852 884 2915 oooupaviti

452 2937 549 2985 Nonne
560 2934 681 2984 Harudes
693 2934 726 2983 ad
737 2948 799 2983 eum
811 2938 960 2985 venerunt?
1155 2994 1159 3000 Ι

452 3024 548 3072 Nonne
561 3021 715 3071 Harudibus
726 3021 801 3071 loous
813 3036 844 3070 ao
855 3023 932 3071 sedes
949 3024 1086 3086 parentur?

452 3104 548 3154 Nonne
560 3104 710 3154 Ariovistus
720 3118 794 3153 nuno
803 3105 837 3153 de
847 3105 930 3154 altera
941 3109 1016 3168 parte
1027 3106 1105 3153 tertia
1125 3104 1263 3167 Sequanos
1284 3104 1412 3154 decedere

518 3186 596 3252 jubet
607 3185 748 3251 propterea
758 3188 831 3250 quod
842 3186 935 3251 paneis
946 3187 1083 3237 mensibus
1094 3190 1154 3236 ante
1172 3186 1309 3235 Hanrdnm
1327 3187 1412 3237 millia

515 3269 604 3320 XXIII
616 3271 649 3320 ad
660 3285 721 3319 eum
734 3274 866 3320 venerunt
875 3269 974 3333 quibus
984 3272 1058 3321 loeus
1069 3285 1099 3319 ao
1109 3270 1185 3321 sedes
1195 3274 1340 3335 parentur?

452 3354 624 3404 Pellenturne
635 3368 728 3403 omnes
739 3367 772 3402 ex
784 3352 887 3403 Galliae
897 3353 1009 3403 tinibus?
1300 3346 1302 3349 ⁴

450 3436 649 3487 Transibuntne
666 3436 791 3485 Rhenum
808 3451 904 3486 omnes
920 3437 1067 3486 Germani?

385 3589 627 3633 l.I'-AENEIDOS;
636 3589 655 3629 I.
671 3588 731 3629 ORA
740 3588 841 3629 TIONE
858 3588 993 3630 SOLUTA.

450 3675 576 3739 Antiquis
587 3672 754 3738 temporibus
765 3673 854 3723 coloni
865 3688 880 3723 e
892 3674 982 3738 Tyriis
1000 3674 1114 3739 profeoti
1134 3674 1227 3725 urbem
1238 3676 1267 3725 in
1278 3691 1324 3727 ora
1341 3679 1411 3727 Afri-

383 3780 437 3824 cae,
451 3762 545 3812 italiae
555 3762 701 3822 adversam,
715 3760 759 3810 oui
772 3760 930 3825 Carthagini
942 3776 1041 3810 nomeu
1052 3767 1116 3823 erat,
1127 3750 1214 3812 rerum
1222 3763 1340 3814 luxurias
1351 3779 1411 3829 per·

383 3847 527 3897 tinentium
545 3843 725 3893 abundantem
748 3847 777 3893 et
798 3843 883 3908 gloria
900 3843 996 3893 bellios
1007 3843 1137 3909 insignem
1153 3844 1343 3909 eondidernnt;
1362 3847 1410 3897 ubi

384 3929 515 3993 templum
526 3926 637 3988 Iunoni,
651 3926 737 3990 effigie
748 3926 955 3992 insignibusque
976 3927 1041 3977 deae
1060 3931 1191 3987 ornatum.
1204 3929 1305 3980 ineolae
1320 3930 1411 3979 aediti·

383 4015 528 4073 caverunt;
548 4024 628 4074 quem
642 4008 734 4059 urbem
757 4010 831 4059 Jnno
848 4015 924 4060 tanto
940 4025 1029 4060 amore
1047 4010 1183 4075 diligebat,
1196 4014 1227 4061 ut
1242 4012 1309 4061 nihil
1330 4028 1411 4078 supra

382 4096 570 4165 possen-illa
588 4097 690 4159 Samos,
704 4111 753 4145 sua
772 4096 859 4161 ipsius
876 4097 972 4158 insula,
985 4112 1041 4147 non
1057 4102 1147 4148 tentae
1165 4113 1243 4149 ouras
1259 4099 1311 4151 sibi
1321 4105 1410 4151 erat-

382 4198 463 4248 quam
481 4180 562 4230 etiam
581 4180 637 4243 jsrn
653 4178 700 4229 diu
717 4178 851 4244 sperabat,
871 4178 894 4228 si
914 4179 1016 4241 liceret,
1029 4180 1135 4245 imperti
1151 4182 1271 4247 gentium
1288 4184 1409 4235 omnium

381 4266 545 4332 potituram
565 4266 739 4312 metuentem
751 4278 806 4312 non
824 4262 912 4312 solum
933 4267 1075 4321 commota.
1088 4265 1160 4329 qaod
1179 4265 1230 4315 sibi
1241 4266 1410 4317 nuntiaretur

381 4352 510 4419 populum
523 4349 638 4413 Trojano
648 4349 741 4414 stirpe.
755 4348 902 4414 superbum
914 4348 950 4398 ob
969 4350 1067 4400 multus
1083 4355 1176 4416 gentes
1186 4351 1278 4414 victas,
1290 4353 1348 4417 iege
1359 4354 1410 4403 tati

380 4434 538 4487 inexorabili
550 4434 643 4484 urbem
655 4432 707 4483 sibi
719 4432 884 4483 carissimam
897 4432 1056 4497 deleturum,
1069 4434 1117 4484 sed
1127 4438 1212 4484 autem
1229 4436 1410 4487 reeordatione
