3334 4900
352 613 683 653 ll'-}'lim'-HORll'll›'!LE
698 613 752 653 DIC
757 614 797 653 TU
802 620 811 653 ,l
837 614 907 662 [Pars
920 615 1008 661 Sexta]

420 715 473 766 Ubi
486 715 573 780 coepit
585 717 810 779 advesperascere,
823 715 899 778 jubet
909 719 991 765 sterni
1004 718 1130 781 [lectum]
1150 717 1201 767 sibi
1226 719 1311 782 prima
1334 721 1379 767 do-

353 813 413 846 ruus
425 803 508 856 parte:
523 799 610 862 poscit
622 798 773 862 pugillares.
786 799 885 852 stilum.
900 799 999 848 lumen:
1011 815 1073 848 suos
1084 815 1177 848 omnes
1200 802 1228 849 in
1251 802 1376 850 interiore

352 881 473 941 dimittit
488 883 590 946 ipsead
602 881 772 930 scribendum
794 882 922 942 animum,
942 883 1040 943 oculos,
1065 898 1172 931 manum
1195 885 1317 944 intendit,
1345 899 1378 932 ne

353 985 436 1020 vacue
448 985 524 1020 mens
535 971 626 1020 audite
639 971 781 1022 simulacra
791 976 818 1021 et
830 973 922 1022 inanes
934 973 985 1022 sibi
997 977 1084 1022 metus
1094 974 1214 1037 tingeret.

421 1087 516 1136 Nonne
528 1092 621 1136 noster
631 1086 806 1152 philosophus
817 1088 926 1139 domurn
939 1090 1081 1153 spatiosam
1093 1089 1231 1138 conduxit?

420 1170 516 1220 Nonne
528 1171 592 1220 solis
604 1185 699 1225 occasu
712 1171 914 1236 advesperascere
925 1173 1024 1236 coepit?

420 1255 492 1312 Quid
503 1255 604 1318 coepit?
672 1255 767 1304 Nonne
779 1254 1020 1315 advesperascebat?

418 1336 472 1386 Ubi
484 1336 599 1384 dormiet
610 1335 787 1400 philosophus
799 1336 895 1385 ander?

420 1419 515 1468 Nonne
526 1419 555 1468 in
568 1418 654 1482 prima
666 1419 763 1467 domus
774 1422 848 1482 parte
860 1418 985 1467 dormiet?

420 1501 479 1560 Qua
491 1502 519 1549 in
531 1505 606 1564 parte
617 1501 695 1564 jubet
706 1502 794 1549 sterni
805 1500 903 1550 lectum
915 1501 979 1550 sibi?

422 1583 474 1635 Ubi
487 1586 547 1647 ejus
558 1585 644 1634 lectus
655 1585 799 1634 sternetur?

421 1668 517 1716 Nonne
529 1681 620 1716 servos
632 1665 834 1730 (cubicularios)
844 1665 922 1728 jubet
932 1666 1027 1715 lectum
1040 1670 1156 1715 sternere
1168 1671 1196 1716 et
1207 1665 1291 1716 abire?

419 1750 491 1808 erae
503 1749 601 1813 poscit?
635 1748 780 1807 Quorsum?
812 1749 907 1798 Nonne
918 1750 986 1811 stylo
996 1748 1103 1798 scribet?

418 1833 514 1882 Nonne
529 1831 559 1880 in
572 1831 749 1896 pugillaribus
760 1830 858 1880 scribet
869 1832 950 1895 stylo?

421 1914 570 1979 Pugillares
581 1929 614 1964 ex
626 1929 685 1963 cere
696 1912 761 1962 tacti
774 1917 848 1977 sunt,
857 1916 953 1962 nonne!

418 1999 512 2046 Eritne
525 1998 617 2045 lumen
630 1997 695 2046 utile
704 1993 846 2046 scribenti?

418 2080 556 2129 Poteritne
568 2079 692 2139 scribere,
705 2084 783 2128 nocte
794 2092 886 2144 opaca,
901 2079 958 2128 aine
975 2079 1087 2128 lumine?

419 2164 514 2212 Nonne
528 2163 624 2211 tortior
635 2163 687 2210 erit
703 2161 726 2211 si
738 2162 828 2210 iumen
840 2162 865 2210 ei
876 2162 956 2210 edsit?

416 2247 511 2296 Nonne
524 2261 587 2295 suos
599 2260 690 2294 servos
700 2259 792 2292 omnes
804 2243 929 2293 dimittit?
962 2243 1039 2295 Unde
1052 2259 1098 2294 eos
1108 2244 1234 2294 dimittit?

419 2331 479 2388 Quo
491 2327 621 2377 familiam
634 2341 707 2376 suam
720 2326 845 2375 dimittit?
878 2325 932 2377 Ubi
944 2325 1068 2376 dormiet?
1101 2325 1153 2377 Ubi
1165 2327 1311 2376 dormient?

420 2417 516 2467 Nonne
528 2414 706 2480 periculosum
719 2413 771 2463 erit
783 2413 954 2463 Athenodoro
965 2413 1023 2464 sine
1034 2413 1131 2463 comite
1148 2413 1273 2464 dormire?

420 2498 548 2550 Credisne
560 2512 622 2547 enm
634 2496 811 2545 dormiturum
824 2510 858 2544 an
871 2496 1040 2559 vigilaturum
1052 2499 1122 2546 esse?

420 2584 515 2632 Nonne
527 2580 693 2644 vigilavisses
706 2579 728 2627 si
740 2578 778 2627 ibi
786 2574 900 2627 'tuissesl

417 2666 551 2725 Quorsum
566 2664 651 2712 lectus
662 2662 687 2711 ei
700 2663 838 2711 sternitur?

420 2749 551 2807 Quorsum
570 2746 722 2810 pugillares,
737 2745 845 2808 stylum.
862 2743 954 2794 lumen
966 2745 1062 2809 poscit?

423 2832 580 2881 Dormietne
592 2828 723 2878 scribens?
755 2828 894 2877 Scribetne
910 2828 1057 2878 dormiens?

419 2918 501 2967 Estne
513 2916 625 2965 dubium
638 2915 704 2978 quin
717 2931 780 2965 snos
791 2930 883 2965 servos
893 2916 921 2965 in
939 2915 1064 2965 interiora
1075 2915 1218 2965 dimiserit?

418 3000 485 3057 Quis
496 2999 644 3062 scripturus
656 3000 708 3047 est?
741 2998 814 3056 Quae
826 3000 860 3047 ad
870 2997 1040 3047 scribendum
1058 2998 1186 3047 intendit?

420 3084 481 3141 Quo
493 3081 610 3131 intendit
626 3081 752 3141 animum,
765 3081 866 3140 oculos,
881 3083 1002 3130 manum?
1033 3082 1186 3131 Dormitne?

422 3167 515 3215 Sciene
528 3169 618 3213 utrum
630 3163 753 3218 dormiat.
766 3166 862 3213 necne?
895 3164 1068 3233 Cur-judicas
1079 3179 1140 3213 eum
1152 3164 1274 3227 vigilare?

421 3249 516 3299 Nonne
528 3250 648 3297 animum
660 3248 694 3296 ad
706 3246 876 3295 scribendum
888 3246 1015 3296 intendit?

421 3328 577 3381 Intenditne
590 3317 708 3377 animum
721 3329 755 3377 ad
766 3327 964 3379 donniendum?

420 3414 519 3462 Vultne
532 3411 649 3461 dormire
661 3426 696 3459 an
707 3411 834 3460 scribere?
869 3410 1009 3468 Quomodo
1020 3411 1156 3461 scribitur?

418 3500 448 3548 Si
460 3503 580 3549 monstra
591 3497 642 3547 tibi
654 3498 745 3547 audite
758 3498 813 3547 sint
824 3512 914 3547 nonne
925 3512 1001 3547 mena
1012 3498 1150 3547 simulacra
1161 3500 1254 3563 tinget?

419 3588 514 3637 Nonne
527 3603 595 3651 opus
607 3592 648 3635 est
660 3590 779 3635 mentem
791 3600 846 3634 non
858 3599 967 3634 vacuam
979 3584 1087 3635 bebere?

420 3672 448 3719 Si
461 3684 537 3719 mens
548 3684 629 3718 vacue
641 3673 682 3717 est
695 3671 789 3719 inanes
801 3674 888 3717 metus
898 3669 977 3731 fingit
987 3670 1087 3719 nonne?

422 3755 441 3802 F
444 3752 548 3815 ingilne
560 3752 639 3814 plena
652 3766 727 3800 rrrena
745 3752 894 3801 simulacra?

421 3837 514 3885 Eritne
528 3835 697 3884 Athenodoro
710 3835 830 3885 auditum
843 3834 1011 3883 simulncrum
1032 3835 1061 3883 in
1082 3841 1165 3885 mente
1178 3836 1201 3885 si
1213 3851 1288 3885 ruens
1298 3850 1380 3886 vacua

521 3936 575 3970 non
589 3921 635 3970 sit?

419 4006 490 4055 Num
502 4005 620 4068 opinaris
632 4005 819 4069 philosophum
830 4005 924 4054 inanes
936 4010 1022 4055 metus
1033 4006 1152 4055 ficturum
1166 4010 1232 4057 esse?

422 4090 480 4147 Qua
492 4088 524 4136 de
534 4103 613 4138 causa
626 4090 716 4137 audita
727 4088 868 4139 simulacra
879 4104 935 4138 non
947 4090 1041 4155 tinget?

421 4174 503 4222 Estne
514 4171 625 4221 dubium
639 4173 705 4235 quin
718 4172 808 4221 idolon
819 4175 980 4237 apparuerit?

422 4258 571 4309 Dubitasne
584 4259 650 4322 quin
665 4264 814 4308 monstrum
826 4260 909 4310 tuerit
920 4262 1022 4309 vertum?

420 4341 552 4399 Quorsum
565 4342 674 4391 scribet?

420 4424 553 4482 Quorsum
565 4424 669 4486 judicas
681 4439 742 4472 eum
752 4425 914 4488 scripturum
926 4428 995 4475 esse?

419 4509 555 4565 Quorsum
569 4523 675 4555 menum
690 4507 905 4557 adscribendum
924 4508 1088 4557 intendebat?
