3334 4900
747 375 985 426 LATINE.

348 495 1307 506 —u—-ffl-——ffl———n
1318 496 1327 499 -.
1339 496 1357 500 .-

407 582 477 638 Quid
489 582 577 632 (laesar
588 581 668 631 nobis
678 596 726 630 sus
738 595 826 629 rerum
837 580 1067 632 administratione
1079 579 1108 628 in
1121 579 1206 628 Gallia
1216 577 1320 626 etfeeitl

407 664 482 723 Quae
493 679 572 714 osusa
583 665 647 714 belli
659 664 746 714 eivilis
758 664 832 713 fuit?

408 745 478 803 Quid
490 746 657 810 significabat
671 749 808 797 Gaesarem
825 745 977 794 Rubiconem
993 745 1125 794 transiret

409 829 517 879 Feoitne
529 830 574 878 ille
585 833 657 878 reete
668 831 679 878 t

407 913 502 962 Nonne
515 912 648 962 misereris
660 911 808 976 Pompeii?

407 995 494 1054 Quam
503 999 564 1060 post
575 995 714 1046 vintoriam
726 994 834 1058 scripsit
846 993 943 1054 Oaesar,
953 991 1049 1052 “Veni,
1063 991 1129 1049 vidi,
1147 991 1197 1041 viei
1205 992 1230 1040 1⁹¹

409 1084 497 1142 Quare
508 1083 703 1136 interfeeerunt
714 1081 847 1132 Gaesarem
866 1081 1018 1144 eonjuratil

410 1166 620 1214 Perfeoeruntne
632 1179 701 1229 quae
712 1163 883 1213 voluissentt

395 1241 398 1248 ⁴
415 1247 595 1298 Arbitrarisne
608 1247 718 1298 Goeseris
728 1246 846 1295 amioum
857 1245 943 1295 fuisse
955 1246 1089 1294 Brutum?

348 1360 350 1364 ·
410 1340 477 1389 Uter
488 1340 602 1388 Romam
614 1340 699 1402 magis
710 1338 823 1398 amabat,
838 1338 974 1386 Brutusne
985 1352 1019 1391 au
1037 1325 1144 1386 Csssarl

344 1541 538 1582 XII-CICERO
550 1541 628 1581 DIXI
631 1541 651 1581 T
665 1539 861 1592 QUIRITIBUS:
889 1538 923 1587 [in
938 1539 988 1579 car.
1004 1538 1030 1578 r'r'.
1044 1537 1098 1586 Μ]

410 1649 461 1698 ΙΙΙ,
477 1649 572 1712 Itaque
584 1662 613 1697 se
623 1647 699 1696 illum
711 1647 859 1697 exereitum
869 1660 933 1710 prae
945 1644 1090 1695 Gallioanis
1100 1643 1250 1708 legionibus
1272 1648 1299 1693 ot
1321 1644 1374 1694 hoo

345 1732 453 1792 dilectu,
468 1745 549 1795 quem
561 1730 590 1780 in
601 1745 665 1794 agro
677 1731 777 1780 Pioeno
789 1733 817 1779 et
832 1724 937 1780 Gallioo
949 1729 981 1788 Q,
995 1728 1118 1780 Metellus
1138 1727 1281 1787 habuisset,
1295 1730 1323 1776 et
1334 1727 1375 1776 eis

346 1818 439 1882 eopiis,
464 1833 533 1882 quse
555 1833 571 1868 a
593 1817 793 1882 magistratibus
804 1816 1159 1881 quotieieeompmrenrm,
1177 1828 1273 1878 magno
1295 1828 1375 1878 opere

346 1913 526 1958 oontemnere.
559 1909 708 1959 (tellectum
720 1923 753 1958 er
765 1907 875 1958 senibus
887 1908 1040 1972 desperatis,
1053 1921 1086 1957 ex
1102 1905 1198 1970 agresti
1217 1904 1329 1965 luxuria,
1342 1919 1374 1954 ex

347 1992 455 2042 rusticis
464 1991 695 2052 desertoribusex
703 1990 798 2056 iis‚qui
806 1989 960 2041 vadimonia
970 1992 1089 2040 deserere
1099 2003 1179 2053 quam
1190 1988 1265 2037 illum
1277 1986 1376 2037 exerei-

336 2078 405 2124 tum
418 2074 687 2139 maluissent,qnibns
698 2075 755 2140 ipse
767 2089 823 2124 non
835 2074 947 2125 modosi
958 2074 1040 2124 aoiern
1052 2071 1181 2122 exereitus
1193 2071 1378 2132 Romaniver·

347 2177 394 2210 um
405 2162 486 2212 etiam
499 2161 520 2212 si
532 2162 650 2211 edietum
661 2160 791 2226 presteris
816 2161 986 2223 ostendisset,
999 2162 1129 2222 futurum,
1147 2161 1179 2208 nt
1197 2157 1373 2208 oonoiderent

349 2251 410 2311 Eos,
424 2265 492 2312 quos
503 2248 606 2298 videret
617 2249 728 2298 volitare
740 2249 769 2298 in
781 2251 850 2310 loro,
870 2263 940 2313 qnos
951 2252 1019 2298 mare
1041 2249 1075 2297 ad
1085 2247 1193 2308 curiam,
1207 2261 1273 2309 quos
1294 2245 1374 2294 etiam

346 2333 375 2380 in
387 2335 508 2381 senatum
520 2333 619 2393 venire,
633 2331 680 2396 qui
690 2332 826 2395 fulgerent
841 2345 998 2395 pur-purnes
1010 2329 1132 2380 maluisse
1142 2344 1203 2378 ourn
1220 2329 1266 2377 illo
1275 2327 1373 2376 milites

346 2413 488 2463 eduxisset
523 2413 576 2473 Qui
588 2413 611 2463 si
623 2413 678 2463 illio
686 2422 882 2479 permanerent,
891 2414 964 2463 oives
970 2411 1152 2463 meminissent
1157 2426 1211 2462 non
1218 2415 1271 2461 tarn
1279 2409 1376 2459 exerci-

283 2485 285 2489 ’
347 2503 404 2547 tum
423 2498 498 2547 illum
513 2512 570 2548 esse
592 2513 673 2563 quem
686 2513 740 2561 eos,
755 2497 803 2563 qui
815 2498 961 2547 exereitum
979 2496 1163 2557 desemiment,
1182 2495 1374 2559 pertimescen-

347 2581 396 2629 dos
463 2582 551 2645 Atque
587 2594 619 2629 eo
650 2578 730 2629 etism
764 2594 821 2629 esse
855 2573 988 2629 timendos
1023 2578 1115 2641 magis,
1145 2578 1216 2641 quod
1245 2575 1373 2640 quiequid

348 2665 495 2726 cogitarent
513 2662 642 2728 seipsum
655 2662 723 2712 seire
735 2662 877 2720 sentirent,
889 2676 977 2725 neque
988 2664 1077 2710 tamen
1087 2663 1310 2725 permoverentur.
1340 2658 1375 2707 Se

348 2746 437 2797 videre
448 2748 492 2795 oui
504 2750 574 2796 esset
585 2746 683 2811 Apulia
693 2745 830 2805 attributa,
844 2746 905 2809 quis
916 2744 1027 2793 heberet
1046 2744 1187 2805 Etruriam,
1201 2744 1262 2807 quis
1282 2757 1375 2806 agrurn

348 2830 552 2893 Picenumquis
560 2829 702 2891 Gallicum,
714 2831 776 2893 quis
787 2828 840 2878 sibi
848 2843 893 2878 eas
905 2831 1019 2877 urbanas
1029 2826 1137 2877 insidias
1148 2826 1234 2876 saedis
1245 2830 1324 2889 atque
1335 2826 1376 2874 in-

347 2912 504 2961 cendiorum
516 2912 723 2976 depoposcisset.
749 2910 847 2961 Omnia
857 2910 1002 2975 superioris
1013 2909 1100 2959 noetis
1111 2909 1220 2959 sensilia
1231 2909 1264 2959 ad
1275 2924 1303 2959 se
1315 2923 1375 2972 per-

350 2999 402 3048 late
415 3014 472 3048 esse
494 3014 539 3048 eos
559 3000 665 3061 sentire,
681 3014 709 3048 se
721 2998 879 3063 patefecisse
890 2997 920 3047 in
931 3001 1024 3047 senatu
1035 2997 1158 3047 hesterno
1169 2996 1219 3058 die,
1235 2996 1374 3046 Catilinam

352 3084 440 3145 ipsum
453 3081 630 3146 pertimuisse,
645 3081 805 3146 profugisse,
824 3095 871 3130 eos
893 3080 959 3145 quid
971 3063 1128 3144 expectaret
1160 3080 1200 3129 Ne
1217 3079 1276 3128 illos
1297 3078 1376 3127 vehe-

350 3170 454 3213 menter
465 3180 560 3225 errsre,
575 3164 598 3214 si
611 3165 683 3213 illam
695 3179 770 3214 suern
783 3164 924 3229 pristinem
930 3163 1013 3213 lenita
1019 3167 1073 3212 tem
1082 3167 1234 3227 perpetuam
1243 3165 1377 3226 sperarent

350 3252 477 3297 futurum.
573 3287 578 3295 .

352 3441 696 3493 X111.-·Nuntius:
721 3442 827 3491 Mars
854 3440 929 3490 Pro
949 3438 1086 3490 Nobis!
1122 3438 1237 3490 Salva
1255 3437 1373 3489 Urbs!

656 3541 865 3592 Dimioatio
887 3538 1063 3605 Eqreqial

412 3660 498 3709 Senex
510 3659 552 3723 (in
564 3659 607 3708 via
627 3660 749 3722 Romae):
781 3659 834 3708 Pro
855 3658 890 3707 Di
921 3657 1090 3707 immortales·
1126 3656 1176 3705 Dio
1193 3654 1266 3718 mihi,
1281 3656 1373 3717 Nunti,

348 3763 403 3811 quo
416 3747 495 3795 modo
507 3749 656 3810 pugnatum
668 3745 710 3795 sit

413 3828 541 3879 Nuntius:
558 3827 694 3877 Libenter.
710 3828 856 3890 Attendite,
871 3843 972 3877 omnes.

414 3912 446 3960 In
454 3926 517 3975 agro
527 3910 630 3959 Albano
641 3910 748 3961 fuimus.
775 3910 833 3960 Rex
845 3916 944 3972 nester,
954 3910 1070 3960 invictus
1080 3910 1180 3970 Tullus,
1194 3924 1243 3958 noe
1253 3909 1281 3958 in
1291 3909 1373 3957 aoiem

346 3996 446 4044 eduxit.
484 3992 614 4042 Exierunt
630 3994 723 4043 eontra
733 3996 761 4042 et
772 3991 877 4043 Albani„
914 3994 986 4043 Mars
1001 3994 1216 4059 appropinquans
1228 3990 1359 4041 horrebat

414 4077 521 4126 Mulier:
538 4076 701 4126 Mehercule!
721 4075 824 4127 vivitne
838 4077 929 4127 Julius
940 4080 1026 4128 meust

414 4160 521 4209 Omnes:
542 4158 607 4208 Sile!
624 4159 701 4208 Troe!
722 4158 800 4209 Audit

415 4244 542 4292 Nuntius:
561 4243 630 4291 Tum
642 4256 711 4304 quae
725 4242 760 4293 ad
783 4243 959 4306 pugnandum
970 4242 1012 4292 usi
1023 4244 1111 4291 essent
1129 4239 1290 4305 parabamus.
1325 4238 1378 4289 Sed

348 4326 502 4376 —mirsbile
518 4326 593 4375 <lietu
600 4326 708 4375 -duees
720 4340 782 4375 oum
794 4326 922 4389 pausisin
933 4324 1051 4375 medium
1062 4324 1202 4388 prodeunt
1236 4322 1377 4373 Miramur.

349 4409 403 4459 Sed
414 4410 469 4472 jem
482 4412 628 4457 revertunt.
644 4403 686 4458 Ae
693 4406 850 4470 trigeminos
861 4407 988 4457 Horatios
999 4406 1073 4457 venit
1083 4406 1182 4457 Tullus
1193 4406 1260 4457 Cum
1268 4404 1306 4454 eis
1313 4404 1379 4467 agit.

415 4497 494 4545 Puer:
513 4494 583 4552 Quid
599 4495 666 4559 egiti
