3334 4900
323 375 347 426 6
708 377 947 430 LATINE.

1047 501 1084 507 .-
1098 500 1254 522 .7—.
1263 501 1332 507 ...--

322 583 412 622 ,r-CA
418 584 462 622 12¹5.
474 583 500 622 B.
512 583 538 623 G.
550 584 588 622 IN
603 548 661 624 0·er
671 584 768 624 TIONE
782 585 928 635 OBLIQUA.
942 587 1006 634 [t‘ap.
1018 584 1071 631 ΙΙΙ.Ι

355 690 406 738 111.
442 689 538 738 Caesar
547 689 614 738 dixit
626 691 664 740 eis
685 689 763 740 rebus
784 691 918 748 adductos,
943 695 970 738 et
992 691 1147 738 auctoritate
1174 691 1345 754 Orgetorigis·

322 776 464 836 permotos,
479 772 616 821 Helvetios
627 773 794 822 constituisse
806 787 836 820 ee
846 787 913 836 quae
924 773 956 820 ad
980 773 1201 836 proficiscendum
1225 777 1341 837 pertine-

323 864 382 907 rent
392 873 550 922 comparere,
564 861 741 922 jumentorum
754 864 781 908 et
799 873 931 908 canorum
949 875 1028 922 quem
1041 860 1185 909 marimum
1198 874 1341 908 numerum

322 956 449 1003 coemere,
463 947 595 992 sementes
606 958 684 1006 quam
696 945 821 990 msrimss
834 944 962 1001 facerem
974 944 1001 991 iu
1014 943 1108 991 itinere
1120 945 1198 1007 copis
1209 943 1343 990 frumeuti

323 1034 484 1094 suppeteret,
497 1044 558 1078 cum
570 1029 697 1092 proximis
708 1027 860 1078 civitatibus
871 1044 961 1092 pscem
974 1034 1001 1078 et
1012 1031 1154 1079 amicitiam
1172 1029 1338 1078 confirmare.

323 1112 364 1162 Ad
386 1126 430 1161 eas
452 1126 495 1160 res
517 1111 692 1160 conficiendas
703 1110 839 1159 biennium
851 1111 902 1160 sibi
914 1115 977 1162 satis
988 1128 1045 1162 esse
1061 1112 1176 1171 duxisse,
1191 1112 1221 1161 in
1232 1111 1343 1160 tertium

322 1207 422 1242 annum
434 1193 627 1257 protectionem
638 1192 696 1254 lege
708 1193 882 1242 confirmasse.
915 1195 956 1244 sd
978 1209 1023 1244 eas
1044 1210 1086 1244 res
1103 1194 1282 1244 conficiendas
1293 1196 1344 1244 Or-

323 1276 469 1340 getorigem
482 1275 610 1324 delectum
622 1289 686 1323 esse.
720 1275 795 1324 Illum
807 1275 858 1324 sibi
869 1276 1025 1338 legationem
1037 1279 1070 1327 ad
1087 1277 1211 1327 civitates
1229 1293 1344 1341 suscep-

323 1361 382 1410 isse.
417 1360 449 1407 In
462 1369 495 1406 eo·
505 1355 599 1406 itinere
611 1358 769 1421 persuasisse
781 1359 892 1420 Castico,
906 1359 1142 1410 Catamantaloedis
1157 1361 1221 1422 lilio,
1235 1360 1342 1424 Sequa-

323 1457 367 1502 no,
380 1443 458 1505 cujus
476 1443 553 1504 puter¹
573 1454 680 1504 regnum
703 1442 731 1489 in
754 1438 883 1506 Sequania
904 1442 1000 1490 multos
1010 1456 1095 1492 annos
1105 1443 1274 1504 obtinuisset,
1287 1448 1340 1492 ets

323 1535 415 1580 senatu
427 1529 519 1594 populi
531 1529 641 1578 Romani
653 1529 750 1579 amicus
761 1530 906 1594 appellatus
917 1534 994 1580 esset„
1007 1534 1037 1579 ut
1048 1546 1159 1594 regnum
1182 1531 1211 1580 in
1233 1530 1343 1580 civitate

322 1627 370 1664 sus
381 1615 529 1674 ocoupsret,
542 1603 611 1674 quod
623 1616 697 1676 ροισι·
707 1617 766 1661 ente
777 1611 919 1673 habuisset,
931 1613 1043 1676 itemque
1053 1613 1212 1676 Dumnorigi
1218 1613 1341 1672 Haeduo,

322 1701 398 1748 tratri
409 1690 544 1759 Divitisci,
558 1697 604 1762 qui
616 1713 647 1748 eo
659 1704 774 1762 tempore
785 1699 960 1762 principatum
984 1699 1012 1748 in
1035 1700 1143 1749 civitste
1165 1699 1300 1748 obtineret
1311 1715 1343 1748 ac

323 1785 433 1832 maxime
455 1782 528 1847 plebi
550 1787 671 1847 aceeptus
693 1787 769 1841 esset,
794 1787 824 1832 ut
843 1783 912 1831 iden
928 1789 1068 1833 conaretur
1078 1783 1250 1847 persuasisse,
1263 1783 1345 1846 eique

322 1869 402 1918 filiam
414 1882 486 1918 suam
498 1869 527 1918 in
540 1869 728 1918 matrimonium
741 1868 851 1926 dedime.
887 1870 1015 1919 Periacrie
1026 1872 1099 1920 tectu
1111 1884 1171 1920 essa
1181 1870 1237 1920 illia
1246 1869 1343 1934 proba·

323 1952 393 2000 risse
403 1955 498 2000 conatu
509 1952 641 2016 perficere,
655 1955 791 2014 propterea
809 1951 881 2015 quod
902 1951 959 2016 ipse
981 1967 1044 2002 suae
1062 1951 1180 2001 eiritstis
1201 1952 1342 2016 imperium

323 2033 481 2084 obtenturus
492 2038 570 2084 esset:
583 2048 636 2084 non
647 2048 704 2083 esse
716 2032 832 2091 dubium,
843 2035 909 2097 quin
920 2035 1003 2084 totius
1013 2034 1114 2084 Galliae
1127 2034 1268 2099 plurimum
1278 2035 1343 2083 Hel-

322 2118 387 2167 vetii
397 2122 513 2179 possent3
527 2131 556 2166 se
567 2117 622 2166 suis
634 2116 717 2180 copiis
728 2131 827 2180 suoque
839 2119 955 2166 exercitu
966 2117 1019 2166 illia
1036 2131 1118 2180 regna
1139 2117 1343 2167 conciliaturum

323 2201 498 2250 confirmasse,
535 2200 573 2248 Ea
583 2201 700 2248 oratioue
711 2199 845 2258 adductos,
857 2199 927 2249 inter
936 2215 965 2248 se
976 2200 1054 2249 iidem
1064 2205 1092 2248 et
1099 2199 1285 2264 jusjurandum
1297 2215 1346 2248 eoa

322 2283 435 2343 dedisse,
449 2286 476 2330 et
488 2296 571 2344 regno
582 2285 715 2345 occupato,
730 2296 776 2344 per
788 2285 841 2330 tres
852 2282 1047 2346 potentissimos
1058 2297 1088 2332 ac
1100 2283 1265 2333 firmissimos
1275 2299 1343 2346 pop

323 2366 389 2427 ulos,
402 2365 484 2414 totius
496 2362 594 2412 Galliae
606 2379 662 2412 sese
674 2364 752 2427 potiri
763 2379 840 2427 posse
857 2364 1009 2428 speravisse.

322 2534 348 2573 Χ
349 2534 425 2573 Ι-ίἈ
430 2532 514 2573 ESAR
527 2532 572 2571 DE
586 2532 728 2580 CONJURA
738 2531 788 2571 TIS.
803 2532 868 2579 [sall.
878 2531 926 2570 eat.
937 2532 976 2571 LI.
986 2546 1004 2572 o.
1015 2546 1043 2579 a,
1053 2534 1103 2572 aliis
1114 2533 1191 2583 pare]

387 2618 417 2667 Id
427 2617 491 2665 item
503 2616 668 2665 senatoribus
679 2616 869 2679 providendum
881 2632 945 2676 esse,
960 2633 992 2666 ne
1013 2618 1073 2681 plus
1095 2618 1167 2682 apud
1186 2633 1215 2668 se
1238 2619 1340 2667 valeret

322 2701 352 2749 P.
367 2699 474 2749 Lentuli
486 2702 513 2747 et
531 2703 676 2747 ceterorum
694 2699 778 2748 scelus
798 2714 875 2761 quam
896 2713 943 2747 sus
964 2699 1088 2763 dignitas,
1102 2714 1153 2750 neu
1177 2703 1264 2764 magis
1286 2702 1344 2749 irae

321 2798 383 2831 suee
394 2797 474 2846 quam
486 2783 572 2831 famae
583 2782 756 2830 consulerent.
792 2782 859 2830 Nam
871 2783 893 2831 si
905 2783 986 2845 digna
997 2798 1082 2847 poene
1093 2798 1142 2847 pro
1156 2784 1236 2833 lectis
1248 2798 1342 2833 eorum

322 2868 481 2930 reperiretur
501 2880 599 2912 novum
622 2864 759 2913 consilium
783 2880 811 2914 se
833 2866 985 2928 approbsre:
1000 2866 1041 2915 siu
1056 2867 1213 2929 magnitudo
1235 2867 1344 2916 sceleris

322 2950 439 2996 omnium
452 2947 560 3010 ingenia
572 2953 744 3010 exsuperaret,
759 2948 792 2996 iis
805 2949 931 2996 utendum
943 2964 1048 2997 censere
1060 2963 1126 3011 quse
1144 2948 1250 3011 legibus
1272 2964 1344 2997 com-

324 3038 414 3096 psrste
432 3036 528 3080 essent.

387 3114 531 3176 Plerosque
544 3126 633 3160 eorum
654 3112 697 3175 qui
721 3116 780 3160 aute
803 3128 829 3160 se
853 3113 1009 3162 sententiim
1033 3113 1171 3175 dixissent,
1191 3116 1340 3177 composite

323 3201 402 3260 atque
414 3195 553 3259 magnifice
566 3210 651 3243 casum
663 3196 819 3259 reipublicre
833 3196 968 3245 miseratos
981 3211 1045 3246 esse:
1059 3211 1127 3260 qrae
1146 3196 1210 3245 belli
1227 3198 1339 3247 saevitia

323 3282 399 3337 esset,
414 3292 479 3339 quse
503 3277 579 3325 victis
601 3277 756 3334 acciderent,
781 3278 981 3337 enumerantes
1006 3278 1063 3341 rapi
1081 3277 1207 3341 virgines,
1232 3293 1340 3342 pueros,

323 3359 412 3409 divelli
424 3359 548 3409 liberosa
570 3364 706 3423 parentum
730 3361 875 3423 complexu,
899 3366 995 3410 matres
1010 3362 1178 3410 ‘familiarum
1202 3361 1344 3425 pati'quue

323 3443 468 3492 victoribus
479 3442 667 3503 collibuiseent,
682 3445 742 3491 iana
754 3447 832 3505 atque
848 3444 941 3491 domos
965 3443 1071 3507 spoliari
1088 3445 1205 3506 caedem,
1218 3444 1345 3494 incendis

324 3525 389 3585 fieri;
405 3528 539 3589 postremo
550 3526 637 3584 armis,
642 3524 816 3584 cadaveribus
826 3541 917 3573 cruore
929 3531 1007 3589 atque
1014 3526 1087 3575 luctu
1099 3528 1191 3576 omnia
1202 3527 1340 3590 compleri.

388 3612 442 3661 Sed
453 3626 500 3675 per
511 3612 574 3660 deos
586 3612 752 3671 immortales
765 3627 817 3674 quo
829 3612 873 3660 illa
884 3612 967 3661 oratio
983 3612 1150 3675 pertineret?
1171 3627 1206 3661 an
1218 3616 1257 3661 uti
1269 3623 1343 3677 ipsos

324 3695 435 3743 infestos
447 3694 622 3756 conjurationi
635 3695 751 3749 iaceret}
783 3694 888 3743 Scilicet
900 3709 978 3757 quem
991 3709 1033 3743 res
1054 3699 1128 3743 tenta
1145 3698 1173 3744 et
1195 3700 1250 3744 tsm
1263 3700 1339 3744 atrox

324 3792 377 3826 non
390 3781 560 3840 permoveret,
575 3777 790 3825 eumorstionem
807 3792 988 3825 accensurum.
1020 3778 1081 3826 Non
1101 3778 1138 3826 ite
1162 3793 1230 3827 esse:
1254 3793 1343 3842 neque

324 3860 447 3923 cuiquam
460 3859 610 3907 mortalium
623 3859 802 3922 injuriassuas
813 3874 907 3923 parvas
930 3859 1022 3908 videri:
1046 3859 1144 3909 multos
1167 3875 1212 3909 eas
1234 3861 1343 3924 gravius

325 3956 410 4006 sequo
421 3941 555 3991 habuisse.

388 4028 440 4077 Sed
451 4028 529 4076 aliam
541 4028 600 4077 aliis
610 4026 741 4076 licentium
755 4042 819 4076 esse:
830 4030 876 4091 qui
889 4027 990 4078 dimissi
1003 4028 1031 4077 in
1040 4028 1154 4079 obscuro
1166 4030 1248 4078 vitam
1262 4030 1342 4078 habc-

324 4121 378 4177 ant,
392 4116 414 4165 si
427 4117 492 4180 quid
504 4115 638 4165 iracundia
649 4116 815 4179 deliquerint,
829 4131 926 4179 paucos
937 4118 1011 4166 scire:
1027 4119 1124 4166 tamem
1151 4121 1231 4181 atque
1254 4119 1344 4166 fortu—

324 4196 385 4230 nam
398 4196 489 4231 eorum
502 4197 578 4245 peres
589 4196 654 4230 esse:
667 4184 710 4244 qui
723 4196 818 4245 mageo
829 4182 939 4245 imperio
952 4183 1063 4246 praediti
1075 4183 1103 4232 in
1112 4183 1218 4232 excelso
1229 4186 1343 4232 aetatem

324 4253 411 4311 agent,
426 4262 518 4296 comm
531 4249 600 4295 tecta
611 4254 718 4295 cunctos
730 4248 853 4296 mortsles
863 4248 975 4297 novisse.

390 4314 431 4361 Ita
442 4314 470 4361 in
483 4327 605 4361 maxuma
616 4314 721 4360 fortuna
733 4313 876 4361 minumam
888 4312 1020 4362 licentiam
1033 4328 1100 4363 esse:
1123 4328 1211 4377 neque
1237 4314 1344 4362 stuiere

324 4392 411 4441 neque
423 4379 519 4438 odisse,
532 4378 579 4426 sed
591 4378 697 4426 minime
710 4379 785 4425 irasci
798 4382 899 4426 decere:
912 4393 978 4441 quae
990 4379 1061 4442 apud
1073 4379 1138 4427 alios
1151 4378 1287 4428 iracundie
1298 4380 1345 4428 di-

326 4448 408 4505 catur,
422 4460 480 4493 eam
493 4445 521 4492 in
534 4444 644 4507 imperio
657 4443 804 4506 superbiam
817 4449 895 4506 atque
909 4444 1089 4493 crudelitatem
1107 4444 1243 4508 appellari.
