<?xml version="1.0" encoding="UTF-8"?>
<!DOCTYPE html PUBLIC "-//W3C//DTD XHTML 1.0 Transitional//EN"
    "http://www.w3.org/TR/xhtml1/DTD/xhtml1-transitional.dtd">
<html xmlns="http://www.w3.org/1999/xhtml" xml:lang="en" lang="en">
 <head>
  <title>
</title>
<meta http-equiv="Content-Type" content="text/html;charset=utf-8" />
  <meta name='ocr-system' content='tesseract 3.04.00' />
  <meta name='ocr-capabilities' content='ocr_page ocr_carea ocr_par ocr_line ocrx_word'/>
</head>
<body>
  <div class='ocr_page' id='page_1' title='image "./latineetgraece01unkngoog_0097.png"; bbox 0 0 3334 4900; ppageno 0'>
   <div class='ocr_carea' id='block_1_1' title="bbox 758 395 998 448">
    <p class='ocr_par' dir='ltr' id='par_1_1' title="bbox 758 395 998 448">
     <span class='ocr_line' id='line_1_1' title="bbox 758 395 998 448; baseline -0.008 0"><span class='ocrx_word' id='word_1_1' title='bbox 758 395 998 448; x_wconf 79' lang='lat' dir='ltr'>LATINE.</span> 
     </span>
    </p>
   </div>
   <div class='ocr_carea' id='block_1_2' title="bbox 360 603 866 653">
    <p class='ocr_par' dir='ltr' id='par_1_2' title="bbox 360 603 866 653">
     <span class='ocr_line' id='line_1_2' title="bbox 360 603 866 653; baseline 0 -11"><span class='ocrx_word' id='word_1_2' title='bbox 360 603 499 642; x_wconf 73' lang='lat' dir='ltr'>CARJIEN</span> <span class='ocrx_word' id='word_1_3' title='bbox 512 605 548 644; x_wconf 77' lang='lat' dir='ltr'>CA</span> <span class='ocrx_word' id='word_1_4' title='bbox 559 604 661 653; x_wconf 76' lang='lat' dir='ltr'><em>TULLJ,</em></span> <span class='ocrx_word' id='word_1_5' title='bbox 687 605 750 652; x_wconf 71' lang='lat' dir='ltr'>[Call.</span> <span class='ocrx_word' id='word_1_6' title='bbox 765 604 791 644; x_wconf 84' lang='lat' dir='ltr'><em>X</em></span> <span class='ocrx_word' id='word_1_7' title='bbox 791 604 816 643; x_wconf 80' lang='grc' dir='ltr'><em>Χ</em></span> <span class='ocrx_word' id='word_1_8' title='bbox 818 603 866 650; x_wconf 68' lang='lat' dir='ltr'>Vn]</span> 
     </span>
    </p>
   </div>
   <div class='ocr_carea' id='block_1_3' title="bbox 657 708 1087 759">
    <p class='ocr_par' dir='ltr' id='par_1_3' title="bbox 657 708 1087 759">
     <span class='ocr_line' id='line_1_3' title="bbox 657 708 1087 759; baseline -0.009 -10"><span class='ocrx_word' id='word_1_9' title='bbox 657 709 720 759; x_wconf 79' lang='lat' dir='ltr'>[Plus</span> <span class='ocrx_word' id='word_1_10' title='bbox 729 719 776 749; x_wconf 85' lang='lat' dir='ltr'>uno</span> <span class='ocrx_word' id='word_1_11' title='bbox 785 710 877 748; x_wconf 79' lang='lat' dir='ltr'>maneat</span> <span class='ocrx_word' id='word_1_12' title='bbox 883 717 990 757; x_wconf 66' lang='lat' dir='ltr'>perenm</span> <span class='ocrx_word' id='word_1_13' title='bbox 997 708 1087 756; x_wconf 78' lang='lat' dir='ltr'>saeclo}</span> 
     </span>
    </p>
   </div>
   <div class='ocr_carea' id='block_1_4' title="bbox 454 813 1305 1662">
    <p class='ocr_par' dir='ltr' id='par_1_4' title="bbox 554 813 1026 876">
     <span class='ocr_line' id='line_1_4' title="bbox 554 813 1026 876; baseline 0 -16"><span class='ocrx_word' id='word_1_14' title='bbox 554 813 651 862; x_wconf 86' lang='lat' dir='ltr'>Passer</span> <span class='ocrx_word' id='word_1_15' title='bbox 662 817 783 863; x_wconf 85' lang='lat' dir='ltr'>mortuus</span> <span class='ocrx_word' id='word_1_16' title='bbox 794 817 834 862; x_wconf 88' lang='lat' dir='ltr'>est</span> <span class='ocrx_word' id='word_1_17' title='bbox 846 828 912 862; x_wconf 79' lang='lat' dir='ltr'>mem</span> <span class='ocrx_word' id='word_1_18' title='bbox 924 813 1026 876; x_wconf 73' lang='lat' dir='ltr'>puellae,</span> 
     </span>
    </p>

    <p class='ocr_par' dir='ltr' id='par_1_5' title="bbox 555 879 971 942">
     <span class='ocr_line' id='line_1_5' title="bbox 555 879 971 942; baseline 0 -16"><span class='ocrx_word' id='word_1_19' title='bbox 555 879 659 934; x_wconf 81' lang='lat' dir='ltr'>Passer,</span> <span class='ocrx_word' id='word_1_20' title='bbox 671 879 780 928; x_wconf 74' lang='lat' dir='ltr'>deliciae</span> <span class='ocrx_word' id='word_1_21' title='bbox 791 893 857 927; x_wconf 83' lang='lat' dir='ltr'>mess</span> <span class='ocrx_word' id='word_1_22' title='bbox 867 879 971 942; x_wconf 75' lang='lat' dir='ltr'>puellm,</span> 
     </span>
    </p>

    <p class='ocr_par' dir='ltr' id='par_1_6' title="bbox 555 942 1060 1007">
     <span class='ocr_line' id='line_1_6' title="bbox 555 942 1060 1007; baseline 0.002 -17"><span class='ocrx_word' id='word_1_23' title='bbox 555 943 640 1002; x_wconf 86' lang='lat' dir='ltr'>Quem</span> <span class='ocrx_word' id='word_1_24' title='bbox 652 945 712 1007; x_wconf 85' lang='lat' dir='ltr'>plus</span> <span class='ocrx_word' id='word_1_25' title='bbox 722 943 767 992; x_wconf 83' lang='lat' dir='ltr'>illa</span> <span class='ocrx_word' id='word_1_26' title='bbox 777 944 862 993; x_wconf 78' lang='lat' dir='ltr'>omlis</span> <span class='ocrx_word' id='word_1_27' title='bbox 872 943 929 994; x_wconf 86' lang='lat' dir='ltr'>suis</span> <span class='ocrx_word' id='word_1_28' title='bbox 939 942 1044 1004; x_wconf 75' lang='lat' dir='ltr'>amabat</span> <span class='ocrx_word' id='word_1_29' title='bbox 1053 961 1060 1002; x_wconf 75' lang='grc' dir='ltr'>ς</span> 
     </span>
    </p>

    <p class='ocr_par' dir='ltr' id='par_1_7' title="bbox 557 1009 1046 1072">
     <span class='ocr_line' id='line_1_7' title="bbox 557 1009 1046 1072; baseline -0.004 -14"><span class='ocrx_word' id='word_1_30' title='bbox 557 1009 624 1058; x_wconf 84' lang='lat' dir='ltr'>Nam</span> <span class='ocrx_word' id='word_1_31' title='bbox 640 1009 755 1059; x_wconf 86' lang='lat' dir='ltr'>mellitus</span> <span class='ocrx_word' id='word_1_32' title='bbox 767 1013 822 1058; x_wconf 75' lang='lat' dir='ltr'>erut</span> <span class='ocrx_word' id='word_1_33' title='bbox 832 1024 960 1072; x_wconf 84' lang='lat' dir='ltr'>suamque</span> <span class='ocrx_word' id='word_1_34' title='bbox 970 1012 1046 1057; x_wconf 84' lang='lat' dir='ltr'>norat</span> 
     </span>
    </p>

    <p class='ocr_par' dir='ltr' id='par_1_8' title="bbox 557 1073 1116 1138">
     <span class='ocr_line' id='line_1_8' title="bbox 557 1073 1116 1138; baseline -0.005 -16"><span class='ocrx_word' id='word_1_35' title='bbox 557 1074 646 1136; x_wconf 84' lang='lat' dir='ltr'>Ipsum</span> <span class='ocrx_word' id='word_1_36' title='bbox 658 1079 713 1123; x_wconf 81' lang='lat' dir='ltr'>tum</span> <span class='ocrx_word' id='word_1_37' title='bbox 723 1073 790 1124; x_wconf 90' lang='lat' dir='ltr'>bene</span> <span class='ocrx_word' id='word_1_38' title='bbox 800 1089 880 1138; x_wconf 81' lang='lat' dir='ltr'>quam</span> <span class='ocrx_word' id='word_1_39' title='bbox 891 1074 978 1138; x_wconf 84' lang='lat' dir='ltr'>puella</span> <span class='ocrx_word' id='word_1_40' title='bbox 991 1077 1099 1122; x_wconf 89' lang='lat' dir='ltr'>matrem</span> <span class='ocrx_word' id='word_1_41' title='bbox 1110 1093 1116 1134; x_wconf 64' lang='grc' dir='ltr'>ς</span> 
     </span>
    </p>

    <p class='ocr_par' dir='ltr' id='par_1_9' title="bbox 556 1139 1043 1202">
     <span class='ocr_line' id='line_1_9' title="bbox 556 1139 1043 1202; baseline -0.002 -14"><span class='ocrx_word' id='word_1_42' title='bbox 556 1139 611 1188; x_wconf 89' lang='lat' dir='ltr'>Nec</span> <span class='ocrx_word' id='word_1_43' title='bbox 623 1155 680 1189; x_wconf 89' lang='lat' dir='ltr'>sese</span> <span class='ocrx_word' id='word_1_44' title='bbox 691 1155 707 1188; x_wconf 84' lang='lat' dir='ltr'>u</span> <span class='ocrx_word' id='word_1_45' title='bbox 717 1140 818 1202; x_wconf 75' lang='lat' dir='ltr'>gremio</span> <span class='ocrx_word' id='word_1_46' title='bbox 830 1140 903 1190; x_wconf 85' lang='lat' dir='ltr'>illius</span> <span class='ocrx_word' id='word_1_47' title='bbox 913 1139 1043 1198; x_wconf 83' lang='lat' dir='ltr'>movebat,</span> 
     </span>
    </p>

    <p class='ocr_par' dir='ltr' id='par_1_10' title="bbox 556 1203 1119 1266">
     <span class='ocr_line' id='line_1_10' title="bbox 556 1203 1119 1266; baseline -0.002 -13"><span class='ocrx_word' id='word_1_48' title='bbox 556 1205 603 1253; x_wconf 83' lang='lat' dir='ltr'>Set</span> <span class='ocrx_word' id='word_1_49' title='bbox 613 1205 803 1254; x_wconf 78' lang='lat' dir='ltr'><strong>circumsiliens</strong></span> <span class='ocrx_word' id='word_1_50' title='bbox 813 1206 893 1255; x_wconf 89' lang='lat' dir='ltr'>modo</span> <span class='ocrx_word' id='word_1_51' title='bbox 902 1205 956 1254; x_wconf 80' lang='lat' dir='ltr'>linc</span> <span class='ocrx_word' id='word_1_52' title='bbox 968 1205 1046 1253; x_wconf 93' lang='lat' dir='ltr'>modo</span> <span class='ocrx_word' id='word_1_53' title='bbox 1057 1203 1119 1266; x_wconf 89' lang='lat' dir='ltr'>illuc</span> 
     </span>
    </p>

    <p class='ocr_par' dir='ltr' id='par_1_11' title="bbox 557 1268 1070 1334">
     <span class='ocr_line' id='line_1_11' title="bbox 557 1268 1070 1334; baseline -0.002 -16"><span class='ocrx_word' id='word_1_54' title='bbox 557 1271 598 1320; x_wconf 82' lang='lat' dir='ltr'>Ad</span> <span class='ocrx_word' id='word_1_55' title='bbox 611 1269 693 1319; x_wconf 83' lang='lat' dir='ltr'>solem</span> <span class='ocrx_word' id='word_1_56' title='bbox 704 1270 838 1320; x_wconf 80' lang='lat' dir='ltr'>dominum</span> <span class='ocrx_word' id='word_1_57' title='bbox 849 1285 934 1334; x_wconf 86' lang='lat' dir='ltr'>usque</span> <span class='ocrx_word' id='word_1_58' title='bbox 945 1268 1070 1334; x_wconf 81' lang='lat' dir='ltr'>pipisbrt,</span> 
     </span>
    </p>

    <p class='ocr_par' dir='ltr' id='par_1_12' title="bbox 558 1335 1052 1400">
     <span class='ocr_line' id='line_1_12' title="bbox 558 1335 1052 1400; baseline 0.002 -17"><span class='ocrx_word' id='word_1_59' title='bbox 558 1335 611 1394; x_wconf 79' lang='lat' dir='ltr'>Qui</span> <span class='ocrx_word' id='word_1_60' title='bbox 623 1350 695 1384; x_wconf 88' lang='lat' dir='ltr'>nunc</span> <span class='ocrx_word' id='word_1_61' title='bbox 705 1335 728 1384; x_wconf 88' lang='lat' dir='ltr'>it</span> <span class='ocrx_word' id='word_1_62' title='bbox 738 1351 786 1400; x_wconf 87' lang='lat' dir='ltr'>per</span> <span class='ocrx_word' id='word_1_63' title='bbox 796 1336 847 1385; x_wconf 84' lang='lat' dir='ltr'>iter</span> <span class='ocrx_word' id='word_1_64' title='bbox 857 1335 1052 1386; x_wconf 81' lang='lat' dir='ltr'>tenebricosum</span> 
     </span>
    </p>

    <p class='ocr_par' dir='ltr' id='par_1_13' title="bbox 559 1401 1102 1465">
     <span class='ocr_line' id='line_1_13' title="bbox 559 1401 1102 1465; baseline -0.006 -16"><span class='ocrx_word' id='word_1_65' title='bbox 559 1401 634 1461; x_wconf 88' lang='lat' dir='ltr'>Illuc,</span> <span class='ocrx_word' id='word_1_66' title='bbox 647 1402 718 1450; x_wconf 89' lang='lat' dir='ltr'>unde</span> <span class='ocrx_word' id='word_1_67' title='bbox 730 1407 829 1464; x_wconf 76' lang='lat' dir='ltr'>negant</span> <span class='ocrx_word' id='word_1_68' title='bbox 838 1401 925 1450; x_wconf 83' lang='lat' dir='ltr'>redire</span> <span class='ocrx_word' id='word_1_69' title='bbox 936 1414 1102 1465; x_wconf 71' lang='lat' dir='ltr'>quemquam.</span> 
     </span>
    </p>

    <p class='ocr_par' dir='ltr' id='par_1_14' title="bbox 554 1465 1024 1528">
     <span class='ocr_line' id='line_1_14' title="bbox 554 1465 1024 1528; baseline 0 -14"><span class='ocrx_word' id='word_1_70' title='bbox 554 1469 589 1515; x_wconf 81' lang='lat' dir='ltr'>At</span> <span class='ocrx_word' id='word_1_71' title='bbox 600 1467 677 1515; x_wconf 84' lang='lat' dir='ltr'>vobis</span> <span class='ocrx_word' id='word_1_72' title='bbox 689 1467 810 1528; x_wconf 75' lang='lat' dir='ltr'>mulserit,</span> <span class='ocrx_word' id='word_1_73' title='bbox 822 1467 897 1515; x_wconf 75' lang='lat' dir='ltr'>malle</span> <span class='ocrx_word' id='word_1_74' title='bbox 909 1465 1024 1515; x_wconf 70' lang='lat' dir='ltr'>tenebris</span> 
     </span>
    </p>

    <p class='ocr_par' dir='ltr' id='par_1_15' title="bbox 454 1531 1305 1662">
     <span class='ocr_line' id='line_1_15' title="bbox 558 1531 1305 1595; baseline -0.004 -15"><span class='ocrx_word' id='word_1_75' title='bbox 558 1531 629 1591; x_wconf 76' lang='lat' dir='ltr'>Orci,</span> <span class='ocrx_word' id='word_1_76' title='bbox 644 1548 704 1595; x_wconf 83' lang='lat' dir='ltr'>quae</span> <span class='ocrx_word' id='word_1_77' title='bbox 716 1532 804 1580; x_wconf 85' lang='lat' dir='ltr'>omnia</span> <span class='ocrx_word' id='word_1_78' title='bbox 816 1531 886 1580; x_wconf 87' lang='lat' dir='ltr'>bella</span> <span class='ocrx_word' id='word_1_79' title='bbox 896 1532 1046 1580; x_wconf 83' lang='lat' dir='ltr'>devoratis:</span> <span class='ocrx_word' id='word_1_80' title='bbox 1302 1571 1305 1577; x_wconf 90' lang='lat'><em>.</em></span> 
     </span>
     <span class='ocr_line' id='line_1_16' title="bbox 454 1596 1286 1662; baseline -0.002 -16"><span class='ocrx_word' id='word_1_81' title='bbox 454 1643 458 1654; x_wconf 89' lang='grc'><strong>,</strong></span> <span class='ocrx_word' id='word_1_82' title='bbox 556 1598 622 1646; x_wconf 82' lang='lat' dir='ltr'>Tem</span> <span class='ocrx_word' id='word_1_83' title='bbox 634 1597 733 1647; x_wconf 69' lang='lat' dir='ltr'>bellum</span> <span class='ocrx_word' id='word_1_84' title='bbox 744 1597 810 1646; x_wconf 87' lang='lat' dir='ltr'>mihi</span> <span class='ocrx_word' id='word_1_85' title='bbox 821 1611 954 1662; x_wconf 71' lang='lat' dir='ltr'>passerem</span> <span class='ocrx_word' id='word_1_86' title='bbox 965 1596 1286 1646; x_wconf 74' lang='lat' dir='ltr'>abstulistis-Getullu.</span> 
     </span>
    </p>
   </div>
   <div class='ocr_carea' id='block_1_5' title="bbox 350 1741 1377 4245">
    <p class='ocr_par' dir='ltr' id='par_1_16' title="bbox 350 1741 1377 4245">
     <span class='ocr_line' id='line_1_17' title="bbox 423 1741 1376 1812; baseline 0.003 -16"><span class='ocrx_word' id='word_1_87' title='bbox 423 1748 664 1812; x_wconf 79' lang='lat' dir='ltr'>Quidestpasserl</span> <span class='ocrx_word' id='word_1_88' title='bbox 696 1749 789 1799; x_wconf 82' lang='lat' dir='ltr'>Nonne</span> <span class='ocrx_word' id='word_1_89' title='bbox 809 1741 1056 1812; x_wconf 79' lang='lat' dir='ltr'>avisestparvuls?</span> <span class='ocrx_word' id='word_1_90' title='bbox 1088 1749 1297 1808; x_wconf 75' lang='lat' dir='ltr'>Amasne‚1ulto</span> <span class='ocrx_word' id='word_1_91' title='bbox 1309 1762 1376 1800; x_wconf 80' lang='lat' dir='ltr'>mec.</span> 
     </span>
     <span class='ocr_line' id='line_1_18' title="bbox 355 1820 1377 1898; baseline -0.001 -14"><span class='ocrx_word' id='word_1_92' title='bbox 355 1837 434 1884; x_wconf 83' lang='lat' dir='ltr'>svest</span> <span class='ocrx_word' id='word_1_93' title='bbox 467 1837 490 1885; x_wconf 94' lang='grc' dir='ltr'>Ο</span> <span class='ocrx_word' id='word_1_94' title='bbox 504 1833 614 1898; x_wconf 65' lang='lat' dir='ltr'>dificile,</span> <span class='ocrx_word' id='word_1_95' title='bbox 628 1845 690 1884; x_wconf 81' lang='lat' dir='ltr'>esne</span> <span class='ocrx_word' id='word_1_96' title='bbox 701 1835 831 1885; x_wconf 71' lang='lat' dir='ltr'>crudelis?</span> <span class='ocrx_word' id='word_1_97' title='bbox 849 1837 888 1886; x_wconf 95' lang='lat' dir='ltr'>Ne</span> <span class='ocrx_word' id='word_1_98' title='bbox 899 1836 1008 1885; x_wconf 77' lang='lat' dir='ltr'>vulnere</span> <span class='ocrx_word' id='word_1_99' title='bbox 1017 1837 1109 1884; x_wconf 82' lang='lat' dir='ltr'>avem!</span> <span class='ocrx_word' id='word_1_100' title='bbox 1130 1835 1168 1884; x_wconf 88' lang='lat' dir='ltr'>Ne</span> <span class='ocrx_word' id='word_1_101' title='bbox 1179 1820 1269 1884; x_wconf 70' lang='lat' dir='ltr'>eserte</span> <span class='ocrx_word' id='word_1_102' title='bbox 1281 1834 1377 1884; x_wconf 72' lang='lat' dir='ltr'>uides!</span> 
     </span>
     <span class='ocr_line' id='line_1_19' title="bbox 356 1917 1375 1978; baseline 0.001 -13"><span class='ocrx_word' id='word_1_103' title='bbox 356 1917 443 1976; x_wconf 80' lang='lat' dir='ltr'>Quem</span> <span class='ocrx_word' id='word_1_104' title='bbox 464 1917 584 1966; x_wconf 72' lang='lat' dir='ltr'>celeriter</span> <span class='ocrx_word' id='word_1_105' title='bbox 605 1932 667 1967; x_wconf 85' lang='lat' dir='ltr'>sves</span> <span class='ocrx_word' id='word_1_106' title='bbox 688 1918 793 1968; x_wconf 81' lang='lat' dir='ltr'>volmt!</span> <span class='ocrx_word' id='word_1_107' title='bbox 824 1919 939 1968; x_wconf 84' lang='lat' dir='ltr'>Potesne</span> <span class='ocrx_word' id='word_1_108' title='bbox 961 1918 1056 1978; x_wconf 80' lang='lat' dir='ltr'>volere,</span> <span class='ocrx_word' id='word_1_109' title='bbox 1085 1917 1234 1968; x_wconf 69' lang='lat' dir='ltr'>ductilis?</span> <span class='ocrx_word' id='word_1_110' title='bbox 1279 1917 1375 1978; x_wconf 82' lang='lat' dir='ltr'>Quare,</span> 
     </span>
     <span class='ocr_line' id='line_1_20' title="bbox 358 1997 1377 2063; baseline -0.001 -15"><span class='ocrx_word' id='word_1_111' title='bbox 358 1999 447 2059; x_wconf 75' lang='lat' dir='ltr'>Bellis,</span> <span class='ocrx_word' id='word_1_112' title='bbox 461 1997 589 2047; x_wconf 80' lang='lat' dir='ltr'>Amabilis</span> <span class='ocrx_word' id='word_1_113' title='bbox 599 1999 687 2048; x_wconf 84' lang='lat' dir='ltr'>volare</span> <span class='ocrx_word' id='word_1_114' title='bbox 697 2015 752 2048; x_wconf 90' lang='lat' dir='ltr'>non</span> <span class='ocrx_word' id='word_1_115' title='bbox 763 2001 869 2063; x_wconf 79' lang='lat' dir='ltr'>polest?</span> <span class='ocrx_word' id='word_1_116' title='bbox 901 1999 1025 2048; x_wconf 80' lang='lat' dir='ltr'>Habesne</span> <span class='ocrx_word' id='word_1_117' title='bbox 1035 1999 1096 2060; x_wconf 83' lang='lat' dir='ltr'>alas,</span> <span class='ocrx_word' id='word_1_118' title='bbox 1119 1999 1207 2047; x_wconf 73' lang='lat' dir='ltr'>lana?</span> <span class='ocrx_word' id='word_1_119' title='bbox 1239 1998 1377 2059; x_wconf 82' lang='lat' dir='ltr'>Quomods</span> 
     </span>
     <span class='ocr_line' id='line_1_21' title="bbox 355 2076 1375 2142; baseline -0.001 -13"><span class='ocrx_word' id='word_1_120' title='bbox 355 2081 475 2130; x_wconf 78' lang='lat' dir='ltr'>ambulas</span> <span class='ocrx_word' id='word_1_121' title='bbox 496 2085 524 2129; x_wconf 87' lang='lat' dir='ltr'>et</span> <span class='ocrx_word' id='word_1_122' title='bbox 546 2082 637 2142; x_wconf 85' lang='lat' dir='ltr'>curris,</span> <span class='ocrx_word' id='word_1_123' title='bbox 660 2083 786 2136; x_wconf 74' lang='lat' dir='ltr'>chrtccl</span> <span class='ocrx_word' id='word_1_124' title='bbox 822 2083 962 2142; x_wconf 85' lang='lat' dir='ltr'>Quomolo</span> <span class='ocrx_word' id='word_1_125' title='bbox 979 2081 1035 2132; x_wconf 83' lang='lat' dir='ltr'>svis</span> <span class='ocrx_word' id='word_1_126' title='bbox 1051 2082 1141 2131; x_wconf 84' lang='lat' dir='ltr'>volatt</span> <span class='ocrx_word' id='word_1_127' title='bbox 1187 2076 1251 2137; x_wconf 82' lang='lat' dir='ltr'>Ubi,</span> <span class='ocrx_word' id='word_1_128' title='bbox 1277 2082 1375 2141; x_wconf 75' lang='lat' dir='ltr'>Laura,</span> 
     </span>
     <span class='ocr_line' id='line_1_22' title="bbox 355 2151 1374 2214; baseline 0 -2"><span class='ocrx_word' id='word_1_129' title='bbox 355 2163 569 2214; x_wconf 80' lang='lat' dir='ltr'>aveshubitunt?</span> <span class='ocrx_word' id='word_1_130' title='bbox 602 2151 697 2214; x_wconf 85' lang='lat' dir='ltr'>Nonne</span> <span class='ocrx_word' id='word_1_131' title='bbox 717 2162 746 2213; x_wconf 89' lang='lat' dir='ltr'>in</span> <span class='ocrx_word' id='word_1_132' title='bbox 758 2164 916 2214; x_wconf 80' lang='lat' dir='ltr'>arboribus?</span> <span class='ocrx_word' id='word_1_133' title='bbox 950 2165 1095 2214; x_wconf 78' lang='lat' dir='ltr'>Aliaesves</span> <span class='ocrx_word' id='word_1_134' title='bbox 1105 2163 1374 2214; x_wconf 82' lang='lat' dir='ltr'>subtectohabitant.</span> 
     </span>
     <span class='ocr_line' id='line_1_23' title="bbox 356 2246 1373 2311; baseline -0.001 -15"><span class='ocrx_word' id='word_1_135' title='bbox 356 2249 397 2296; x_wconf 86' lang='lat' dir='ltr'>Ite</span> <span class='ocrx_word' id='word_1_136' title='bbox 419 2251 467 2298; x_wconf 86' lang='lat' dir='ltr'>est.</span> <span class='ocrx_word' id='word_1_137' title='bbox 502 2247 667 2298; x_wconf 86' lang='lat' dir='ltr'>Hirundiues</span> <span class='ocrx_word' id='word_1_138' title='bbox 678 2247 716 2296; x_wconf 93' lang='lat' dir='ltr'>ibi</span> <span class='ocrx_word' id='word_1_139' title='bbox 728 2247 805 2297; x_wconf 89' lang='lat' dir='ltr'>nidos</span> <span class='ocrx_word' id='word_1_140' title='bbox 816 2248 926 2298; x_wconf 81' lang='lat' dir='ltr'>laniunt.</span> <span class='ocrx_word' id='word_1_141' title='bbox 962 2249 996 2296; x_wconf 82' lang='lat' dir='ltr'>Et</span> <span class='ocrx_word' id='word_1_142' title='bbox 1008 2247 1134 2311; x_wconf 76' lang='lat' dir='ltr'>garriunt,</span> <span class='ocrx_word' id='word_1_143' title='bbox 1149 2246 1260 2310; x_wconf 84' lang='lat' dir='ltr'>pipiaut.</span> <span class='ocrx_word' id='word_1_144' title='bbox 1294 2247 1373 2295; x_wconf 83' lang='lat' dir='ltr'>Pater</span> 
     </span>
     <span class='ocr_line' id='line_1_24' title="bbox 354 2319 1376 2402; baseline 0 -24"><span class='ocrx_word' id='word_1_145' title='bbox 354 2328 470 2380; x_wconf 83' lang='lat' dir='ltr'>hirundo</span> <span class='ocrx_word' id='word_1_146' title='bbox 482 2334 514 2402; x_wconf 25' lang='lat' dir='ltr'>&#39;et</span> <span class='ocrx_word' id='word_1_147' title='bbox 536 2335 621 2379; x_wconf 82' lang='lat' dir='ltr'>mater</span> <span class='ocrx_word' id='word_1_148' title='bbox 642 2330 758 2394; x_wconf 84' lang='lat' dir='ltr'>parvulis</span> <span class='ocrx_word' id='word_1_149' title='bbox 768 2319 884 2379; x_wconf 77' lang='lat' dir='ltr'>¹fabellas</span> <span class='ocrx_word' id='word_1_150' title='bbox 901 2335 1008 2379; x_wconf 74' lang='lat' dir='ltr'>nunaut</span> <span class='ocrx_word' id='word_1_151' title='bbox 1029 2330 1061 2379; x_wconf 91' lang='lat' dir='ltr'>de</span> <span class='ocrx_word' id='word_1_152' title='bbox 1079 2330 1231 2394; x_wconf 71' lang='lat' dir='ltr'>gigantibus</span> <span class='ocrx_word' id='word_1_153' title='bbox 1245 2328 1376 2393; x_wconf 80' lang='lat' dir='ltr'>accipitri-</span> 
     </span>
     <span class='ocr_line' id='line_1_25' title="bbox 355 2412 1375 2478; baseline 0.001 -17"><span class='ocrx_word' id='word_1_154' title='bbox 355 2413 406 2463; x_wconf 91' lang='lat' dir='ltr'>bus</span> <span class='ocrx_word' id='word_1_155' title='bbox 417 2417 444 2463; x_wconf 87' lang='lat' dir='ltr'>et</span> <span class='ocrx_word' id='word_1_156' title='bbox 454 2413 565 2477; x_wconf 84' lang='lat' dir='ltr'>parvulo</span> <span class='ocrx_word' id='word_1_157' title='bbox 577 2412 678 2464; x_wconf 80' lang='lat' dir='ltr'>lacobo</span> <span class='ocrx_word' id='word_1_158' title='bbox 691 2412 839 2466; x_wconf 87' lang='lat' dir='ltr'>Hirundine</span> <span class='ocrx_word' id='word_1_159' title='bbox 859 2413 906 2478; x_wconf 88' lang='lat' dir='ltr'>qui</span> <span class='ocrx_word' id='word_1_160' title='bbox 930 2413 1050 2477; x_wconf 79' lang='lat' dir='ltr'>gigantes</span> <span class='ocrx_word' id='word_1_161' title='bbox 1062 2413 1198 2478; x_wconf 86' lang='lat' dir='ltr'>accipitres</span> <span class='ocrx_word' id='word_1_162' title='bbox 1207 2412 1375 2462; x_wconf 82' lang='lat' dir='ltr'>interiecit-</span> 
     </span>
     <span class='ocr_line' id='line_1_26' title="bbox 358 2496 1375 2561; baseline -0.002 -15"><span class='ocrx_word' id='word_1_163' title='bbox 358 2496 402 2547; x_wconf 82' lang='lat'>‘⁴0</span> <span class='ocrx_word' id='word_1_164' title='bbox 424 2496 500 2558; x_wconf 86' lang='lat' dir='ltr'>bella,</span> <span class='ocrx_word' id='word_1_165' title='bbox 525 2497 619 2559; x_wconf 87' lang='lat' dir='ltr'>bella‚”</span> <span class='ocrx_word' id='word_1_166' title='bbox 636 2496 701 2546; x_wconf 85' lang='lat' dir='ltr'>dicit</span> <span class='ocrx_word' id='word_1_167' title='bbox 724 2498 840 2561; x_wconf 70' lang='lat' dir='ltr'>paruula,</span> <span class='ocrx_word' id='word_1_168' title='bbox 877 2498 955 2561; x_wconf 78' lang='lat' dir='ltr'>“Ego</span> <span class='ocrx_word' id='word_1_169' title='bbox 977 2512 1022 2547; x_wconf 82' lang='lat' dir='ltr'>ero</span> <span class='ocrx_word' id='word_1_170' title='bbox 1045 2497 1296 2556; x_wconf 50' lang='lat' dir='ltr'>iacobum-“Non</span> <span class='ocrx_word' id='word_1_171' title='bbox 1311 2510 1375 2555; x_wconf 84' lang='lat' dir='ltr'>non,</span> 
     </span>
     <span class='ocr_line' id='line_1_27' title="bbox 354 2578 1377 2645; baseline -0.002 -17"><span class='ocrx_word' id='word_1_172' title='bbox 354 2582 431 2643; x_wconf 78' lang='lat' dir='ltr'>ego‚&#39;’</span> <span class='ocrx_word' id='word_1_173' title='bbox 442 2580 538 2629; x_wconf 74' lang='lat' dir='ltr'>clnmau</span> <span class='ocrx_word' id='word_1_174' title='bbox 554 2580 612 2630; x_wconf 83' lang='lat' dir='ltr'>slis.</span> <span class='ocrx_word' id='word_1_175' title='bbox 643 2582 678 2629; x_wconf 88' lang='lat' dir='ltr'>Et</span> <span class='ocrx_word' id='word_1_176' title='bbox 694 2580 945 2645; x_wconf 82' lang='lat' dir='ltr'>columbae—quam</span> <span class='ocrx_word' id='word_1_177' title='bbox 956 2580 1031 2629; x_wconf 81' lang='lat' dir='ltr'>valde</span> <span class='ocrx_word' id='word_1_178' title='bbox 1043 2581 1147 2629; x_wconf 77' lang='lat' dir='ltr'>ament!</span> <span class='ocrx_word' id='word_1_179' title='bbox 1178 2578 1377 2630; x_wconf 73' lang='lat' dir='ltr'>circumsidunt</span> 
     </span>
     <span class='ocr_line' id='line_1_28' title="bbox 356 2662 1374 2727; baseline -0.001 -16"><span class='ocrx_word' id='word_1_180' title='bbox 356 2664 436 2712; x_wconf 90' lang='lat' dir='ltr'>modo</span> <span class='ocrx_word' id='word_1_181' title='bbox 447 2664 499 2711; x_wconf 89' lang='lat' dir='ltr'>huc</span> <span class='ocrx_word' id='word_1_182' title='bbox 508 2664 590 2712; x_wconf 87' lang='lat' dir='ltr'>modo</span> <span class='ocrx_word' id='word_1_183' title='bbox 601 2663 674 2721; x_wconf 88' lang='lat' dir='ltr'>illuc,</span> <span class='ocrx_word' id='word_1_184' title='bbox 687 2666 714 2712; x_wconf 92' lang='lat' dir='ltr'>et</span> <span class='ocrx_word' id='word_1_185' title='bbox 725 2678 828 2727; x_wconf 86' lang='lat' dir='ltr'>semper</span> <span class='ocrx_word' id='word_1_186' title='bbox 841 2664 939 2725; x_wconf 75' lang='lat' dir='ltr'>‘&#39;coo‚”</span> <span class='ocrx_word' id='word_1_187' title='bbox 952 2664 1052 2722; x_wconf 80' lang='lat' dir='ltr'>“coo,&#39;’</span> <span class='ocrx_word' id='word_1_188' title='bbox 1065 2666 1166 2712; x_wconf 78' lang='lat' dir='ltr'>vocant</span> <span class='ocrx_word' id='word_1_189' title='bbox 1186 2662 1281 2712; x_wconf 82' lang='lat' dir='ltr'>Nonne</span> <span class='ocrx_word' id='word_1_190' title='bbox 1292 2675 1374 2711; x_wconf 81' lang='lat' dir='ltr'>amas.</span> 
     </span>
     <span class='ocr_line' id='line_1_29' title="bbox 357 2744 1373 2809; baseline -0.002 -14"><span class='ocrx_word' id='word_1_191' title='bbox 357 2746 447 2809; x_wconf 77' lang='lat' dir='ltr'>Lydia,</span> <span class='ocrx_word' id='word_1_192' title='bbox 460 2746 615 2796; x_wconf 84' lang='lat' dir='ltr'>columbast</span> <span class='ocrx_word' id='word_1_193' title='bbox 649 2747 733 2807; x_wconf 89' lang='lat' dir='ltr'>Nunc,</span> <span class='ocrx_word' id='word_1_194' title='bbox 747 2748 822 2805; x_wconf 77' lang='lat' dir='ltr'>June,</span> <span class='ocrx_word' id='word_1_195' title='bbox 837 2746 898 2809; x_wconf 79' lang='lat' dir='ltr'>quis</span> <span class='ocrx_word' id='word_1_196' title='bbox 918 2750 973 2796; x_wconf 85' lang='lat' dir='ltr'>erat</span> <span class='ocrx_word' id='word_1_197' title='bbox 991 2746 1127 2795; x_wconf 77' lang='lat' dir='ltr'>Oetullusl</span> <span class='ocrx_word' id='word_1_198' title='bbox 1159 2744 1257 2795; x_wconf 82' lang='lat' dir='ltr'>Eratne</span> <span class='ocrx_word' id='word_1_199' title='bbox 1267 2744 1373 2793; x_wconf 87' lang='lat' dir='ltr'>histori-</span> 
     </span>
     <span class='ocr_line' id='line_1_30' title="bbox 353 2832 1376 2897; baseline -0.002 -16"><span class='ocrx_word' id='word_1_200' title='bbox 353 2847 409 2889; x_wconf 82' lang='lat' dir='ltr'>cus,</span> <span class='ocrx_word' id='word_1_201' title='bbox 431 2848 466 2882; x_wconf 82' lang='lat' dir='ltr'>an</span> <span class='ocrx_word' id='word_1_202' title='bbox 482 2834 582 2896; x_wconf 82' lang='lat' dir='ltr'>&#39;poetat</span> <span class='ocrx_word' id='word_1_203' title='bbox 616 2834 697 2894; x_wconf 82' lang='lat' dir='ltr'>Cujus</span> <span class='ocrx_word' id='word_1_204' title='bbox 724 2848 813 2897; x_wconf 86' lang='lat' dir='ltr'>pssser</span> <span class='ocrx_word' id='word_1_205' title='bbox 830 2837 932 2883; x_wconf 86' lang='lat' dir='ltr'>mortus</span> <span class='ocrx_word' id='word_1_206' title='bbox 948 2835 1005 2882; x_wconf 81' lang='lat' dir='ltr'>estt</span> <span class='ocrx_word' id='word_1_207' title='bbox 1038 2833 1121 2896; x_wconf 85' lang='lat' dir='ltr'>Oujus</span> <span class='ocrx_word' id='word_1_208' title='bbox 1136 2832 1249 2895; x_wconf 73' lang='lat' dir='ltr'>puellml</span> <span class='ocrx_word' id='word_1_209' title='bbox 1281 2832 1376 2881; x_wconf 80' lang='lat' dir='ltr'>Nonne</span> 
     </span>
     <span class='ocr_line' id='line_1_31' title="bbox 354 2912 1377 2979; baseline -0.002 -15"><span class='ocrx_word' id='word_1_210' title='bbox 354 2928 445 2976; x_wconf 78' lang='lat' dir='ltr'>passer</span> <span class='ocrx_word' id='word_1_211' title='bbox 455 2916 550 2979; x_wconf 73' lang='lat' dir='ltr'>puellm</span> <span class='ocrx_word' id='word_1_212' title='bbox 563 2914 659 2965; x_wconf 79' lang='lat' dir='ltr'>catulli</span> <span class='ocrx_word' id='word_1_213' title='bbox 671 2920 772 2965; x_wconf 82' lang='lat' dir='ltr'>mortus</span> <span class='ocrx_word' id='word_1_214' title='bbox 784 2918 845 2965; x_wconf 81' lang='lat' dir='ltr'>est?</span> <span class='ocrx_word' id='word_1_215' title='bbox 877 2916 973 2965; x_wconf 88' lang='lat' dir='ltr'>Nonne</span> <span class='ocrx_word' id='word_1_216' title='bbox 984 2916 1071 2979; x_wconf 82' lang='lat' dir='ltr'>puella</span> <span class='ocrx_word' id='word_1_217' title='bbox 1092 2930 1225 2979; x_wconf 73' lang='lat' dir='ltr'>passerem</span> <span class='ocrx_word' id='word_1_218' title='bbox 1248 2912 1377 2963; x_wconf 76' lang='lat' dir='ltr'>emebat?</span> 
     </span>
     <span class='ocr_line' id='line_1_32' title="bbox 354 3001 1376 3069; baseline -0.001 -18"><span class='ocrx_word' id='word_1_219' title='bbox 354 3003 440 3062; x_wconf 83' lang='lat' dir='ltr'>Quam</span> <span class='ocrx_word' id='word_1_220' title='bbox 455 3004 552 3053; x_wconf 78' lang='lat' dir='ltr'>valde?</span> <span class='ocrx_word' id='word_1_221' title='bbox 585 3002 679 3053; x_wconf 90' lang='lat' dir='ltr'>Nonne</span> <span class='ocrx_word' id='word_1_222' title='bbox 691 3003 736 3053; x_wconf 83' lang='lat' dir='ltr'>ille</span> <span class='ocrx_word' id='word_1_223' title='bbox 752 3003 839 3069; x_wconf 86' lang='lat' dir='ltr'>puella</span> <span class='ocrx_word' id='word_1_224' title='bbox 855 3017 987 3066; x_wconf 81' lang='lat' dir='ltr'>pusserem</span> <span class='ocrx_word' id='word_1_225' title='bbox 1004 3003 1064 3067; x_wconf 88' lang='lat' dir='ltr'>plns</span> <span class='ocrx_word' id='word_1_226' title='bbox 1079 3002 1163 3053; x_wconf 88' lang='lat' dir='ltr'>oculis</span> <span class='ocrx_word' id='word_1_227' title='bbox 1178 3002 1234 3051; x_wconf 83' lang='lat' dir='ltr'>suis</span> <span class='ocrx_word' id='word_1_228' title='bbox 1250 3001 1376 3051; x_wconf 80' lang='lat' dir='ltr'>amabat?</span> 
     </span>
     <span class='ocr_line' id='line_1_33' title="bbox 356 3084 1373 3147; baseline 0.002 -14"><span class='ocrx_word' id='word_1_229' title='bbox 356 3084 494 3142; x_wconf 84' lang='lat' dir='ltr'>Quomodo</span> <span class='ocrx_word' id='word_1_230' title='bbox 517 3084 600 3147; x_wconf 83' lang='lat' dir='ltr'>vides,</span> <span class='ocrx_word' id='word_1_231' title='bbox 627 3088 782 3135; x_wconf 67' lang='lat' dir='ltr'>Francius?</span> <span class='ocrx_word' id='word_1_232' title='bbox 828 3086 1096 3136; x_wconf 84' lang='lat' dir='ltr'>Nonneooulostuos</span> <span class='ocrx_word' id='word_1_233' title='bbox 1112 3092 1204 3135; x_wconf 76' lang='lat' dir='ltr'>arnust</span> <span class='ocrx_word' id='word_1_234' title='bbox 1251 3086 1373 3145; x_wconf 76' lang='lat' dir='ltr'>Amesue,</span> 
     </span>
     <span class='ocr_line' id='line_1_34' title="bbox 356 3171 1376 3237; baseline 0.001 -17"><span class='ocrx_word' id='word_1_235' title='bbox 356 3172 494 3232; x_wconf 68' lang='lat' dir='ltr'>Pudorine,</span> <span class='ocrx_word' id='word_1_236' title='bbox 517 3177 594 3221; x_wconf 85' lang='lat' dir='ltr'>tuum</span> <span class='ocrx_word' id='word_1_237' title='bbox 616 3174 732 3221; x_wconf 89' lang='lat' dir='ltr'>catulum</span> <span class='ocrx_word' id='word_1_238' title='bbox 755 3174 814 3237; x_wconf 88' lang='lat' dir='ltr'>plus</span> <span class='ocrx_word' id='word_1_239' title='bbox 838 3172 923 3222; x_wconf 90' lang='lat' dir='ltr'>oculis</span> <span class='ocrx_word' id='word_1_240' title='bbox 944 3173 1016 3222; x_wconf 83' lang='lat' dir='ltr'>tuisl</span> <span class='ocrx_word' id='word_1_241' title='bbox 1060 3171 1144 3231; x_wconf 84' lang='lat' dir='ltr'>Quare</span> <span class='ocrx_word' id='word_1_242' title='bbox 1168 3172 1263 3222; x_wconf 82' lang='lat' dir='ltr'>Getulli</span> <span class='ocrx_word' id='word_1_243' title='bbox 1287 3173 1376 3237; x_wconf 87' lang='lat' dir='ltr'>puella</span> 
     </span>
     <span class='ocr_line' id='line_1_35' title="bbox 353 3253 1374 3319; baseline 0.001 -17"><span class='ocrx_word' id='word_1_244' title='bbox 353 3266 485 3315; x_wconf 77' lang='lat' dir='ltr'>passerem</span> <span class='ocrx_word' id='word_1_245' title='bbox 504 3253 625 3303; x_wconf 81' lang='lat' dir='ltr'>amabatt</span> <span class='ocrx_word' id='word_1_246' title='bbox 658 3256 753 3305; x_wconf 91' lang='lat' dir='ltr'>Nonne</span> <span class='ocrx_word' id='word_1_247' title='bbox 775 3255 862 3319; x_wconf 80' lang='lat' dir='ltr'>puella</span> <span class='ocrx_word' id='word_1_248' title='bbox 884 3256 953 3304; x_wconf 87' lang='lat' dir='ltr'>bene</span> <span class='ocrx_word' id='word_1_249' title='bbox 975 3256 1051 3303; x_wconf 79' lang='lat' dir='ltr'>norit</span> <span class='ocrx_word' id='word_1_250' title='bbox 1066 3268 1141 3304; x_wconf 83' lang='lat' dir='ltr'>surm</span> <span class='ocrx_word' id='word_1_251' title='bbox 1158 3254 1288 3303; x_wconf 72' lang='lat' dir='ltr'>matrem?</span> <span class='ocrx_word' id='word_1_252' title='bbox 1321 3254 1374 3303; x_wconf 87' lang='lat' dir='ltr'>Hic</span> 
     </span>
     <span class='ocr_line' id='line_1_36' title="bbox 352 3336 1370 3401; baseline 0.001 -17"><span class='ocrx_word' id='word_1_253' title='bbox 352 3351 441 3399; x_wconf 85' lang='lat' dir='ltr'>passer</span> <span class='ocrx_word' id='word_1_254' title='bbox 453 3337 568 3387; x_wconf 88' lang='lat' dir='ltr'>mellitus</span> <span class='ocrx_word' id='word_1_255' title='bbox 577 3352 652 3386; x_wconf 79' lang='lat' dir='ltr'>susm</span> <span class='ocrx_word' id='word_1_256' title='bbox 664 3339 797 3387; x_wconf 86' lang='lat' dir='ltr'>dominam</span> <span class='ocrx_word' id='word_1_257' title='bbox 810 3340 919 3386; x_wconf 85' lang='lat' dir='ltr'>noverat</span> <span class='ocrx_word' id='word_1_258' title='bbox 928 3340 981 3385; x_wconf 86' lang='lat' dir='ltr'>tam</span> <span class='ocrx_word' id='word_1_259' title='bbox 993 3336 1061 3387; x_wconf 88' lang='lat' dir='ltr'>bene</span> <span class='ocrx_word' id='word_1_260' title='bbox 1071 3351 1151 3400; x_wconf 78' lang='lat' dir='ltr'>quam</span> <span class='ocrx_word' id='word_1_261' title='bbox 1162 3337 1250 3401; x_wconf 83' lang='lat' dir='ltr'>puella</span> <span class='ocrx_word' id='word_1_262' title='bbox 1260 3340 1370 3387; x_wconf 75' lang='lat' dir='ltr'>muti-em</span> 
     </span>
     <span class='ocr_line' id='line_1_37' title="bbox 351 3418 1374 3486; baseline 0.002 -19"><span class='ocrx_word' id='word_1_263' title='bbox 351 3418 434 3468; x_wconf 86' lang='lat' dir='ltr'>novit.</span> <span class='ocrx_word' id='word_1_264' title='bbox 470 3420 672 3486; x_wconf 62' lang='lat' dir='ltr'>Nonnspuellu</span> <span class='ocrx_word' id='word_1_265' title='bbox 689 3420 820 3481; x_wconf 62' lang='lat' dir='ltr'>antelmo,</span> <span class='ocrx_word' id='word_1_266' title='bbox 834 3419 951 3483; x_wconf 80' lang='lat' dir='ltr'>benignu</span> <span class='ocrx_word' id='word_1_267' title='bbox 972 3423 999 3469; x_wconf 82' lang='lat' dir='ltr'>el</span> <span class='ocrx_word' id='word_1_268' title='bbox 1011 3418 1168 3468; x_wconf 83' lang='lat' dir='ltr'>benevolens</span> <span class='ocrx_word' id='word_1_269' title='bbox 1179 3420 1255 3468; x_wconf 86' lang='lat' dir='ltr'>sratl</span> <span class='ocrx_word' id='word_1_270' title='bbox 1281 3420 1374 3484; x_wconf 74' lang='lat' dir='ltr'>Itaque</span> 
     </span>
     <span class='ocr_line' id='line_1_38' title="bbox 351 3502 1376 3567; baseline 0.002 -16"><span class='ocrx_word' id='word_1_271' title='bbox 351 3502 465 3566; x_wconf 81' lang='lat' dir='ltr'>puellam</span> <span class='ocrx_word' id='word_1_272' title='bbox 477 3517 566 3567; x_wconf 87' lang='lat' dir='ltr'>passer</span> <span class='ocrx_word' id='word_1_273' title='bbox 582 3503 687 3553; x_wconf 81' lang='lat' dir='ltr'>amabat</span> <span class='ocrx_word' id='word_1_274' title='bbox 704 3518 752 3551; x_wconf 90' lang='lat' dir='ltr'>nec</span> <span class='ocrx_word' id='word_1_275' title='bbox 768 3518 825 3553; x_wconf 89' lang='lat' dir='ltr'>sese</span> <span class='ocrx_word' id='word_1_276' title='bbox 841 3518 857 3551; x_wconf 90' lang='lat' dir='ltr'>a</span> <span class='ocrx_word' id='word_1_277' title='bbox 873 3502 975 3567; x_wconf 81' lang='lat' dir='ltr'>gremio</span> <span class='ocrx_word' id='word_1_278' title='bbox 986 3502 1080 3566; x_wconf 77' lang='lat' dir='ltr'>puellm</span> <span class='ocrx_word' id='word_1_279' title='bbox 1092 3502 1223 3551; x_wconf 86' lang='lat' dir='ltr'>movebat.</span> <span class='ocrx_word' id='word_1_280' title='bbox 1260 3502 1376 3554; x_wconf 81' lang='lat' dir='ltr'>Potesne</span> 
     </span>
     <span class='ocr_line' id='line_1_39' title="bbox 351 3588 1369 3653; baseline -0.001 -14"><span class='ocrx_word' id='word_1_281' title='bbox 351 3589 437 3651; x_wconf 81' lang='lat' dir='ltr'>salire,</span> <span class='ocrx_word' id='word_1_282' title='bbox 452 3588 573 3653; x_wconf 79' lang='lat' dir='ltr'>Aljrcdet</span> <span class='ocrx_word' id='word_1_283' title='bbox 610 3591 681 3649; x_wconf 83' lang='lat' dir='ltr'>Quot</span> <span class='ocrx_word' id='word_1_284' title='bbox 697 3590 796 3653; x_wconf 78' lang='lat' dir='ltr'>podest</span> <span class='ocrx_word' id='word_1_285' title='bbox 828 3591 900 3639; x_wconf 81' lang='lat' dir='ltr'>Sext</span> <span class='ocrx_word' id='word_1_286' title='bbox 933 3591 977 3646; x_wconf 82' lang='lat' dir='ltr'>Et,</span> <span class='ocrx_word' id='word_1_287' title='bbox 994 3588 1257 3651; x_wconf 72' lang='lat' dir='ltr'>Clara,circumsilis,</span> <span class='ocrx_word' id='word_1_288' title='bbox 1272 3603 1369 3651; x_wconf 88' lang='lat' dir='ltr'>nonne,</span> 
     </span>
     <span class='ocr_line' id='line_1_40' title="bbox 352 3670 1371 3740; baseline -0.001 -19"><span class='ocrx_word' id='word_1_289' title='bbox 352 3687 432 3736; x_wconf 87' lang='lat' dir='ltr'>super</span> <span class='ocrx_word' id='word_1_290' title='bbox 442 3675 555 3722; x_wconf 80' lang='lat' dir='ltr'>luueml</span> <span class='ocrx_word' id='word_1_291' title='bbox 577 3673 630 3723; x_wconf 83' lang='lat' dir='ltr'>Sed</span> <span class='ocrx_word' id='word_1_292' title='bbox 642 3673 832 3722; x_wconf 80' lang='lat' dir='ltr'>circumsiliens</span> <span class='ocrx_word' id='word_1_293' title='bbox 844 3687 934 3740; x_wconf 85' lang='lat' dir='ltr'>passer</span> <span class='ocrx_word' id='word_1_294' title='bbox 945 3673 977 3721; x_wconf 86' lang='lat' dir='ltr'>ad</span> <span class='ocrx_word' id='word_1_295' title='bbox 989 3674 1122 3721; x_wconf 78' lang='lat' dir='ltr'>domiuum</span> <span class='ocrx_word' id='word_1_296' title='bbox 1133 3687 1234 3736; x_wconf 85' lang='lat' dir='ltr'>semper</span> <span class='ocrx_word' id='word_1_297' title='bbox 1244 3670 1371 3735; x_wconf 86' lang='lat' dir='ltr'>pipiabat‚</span> 
     </span>
     <span class='ocr_line' id='line_1_41' title="bbox 352 3756 1374 3824; baseline 0.001 -21"><span class='ocrx_word' id='word_1_298' title='bbox 352 3758 459 3805; x_wconf 78' lang='lat' dir='ltr'>nonne!</span> <span class='ocrx_word' id='word_1_299' title='bbox 492 3757 709 3821; x_wconf 82' lang='lat' dir='ltr'>Etdominaeum</span> <span class='ocrx_word' id='word_1_300' title='bbox 718 3756 829 3816; x_wconf 71' lang='lat' dir='ltr'>sinubat,</span> <span class='ocrx_word' id='word_1_301' title='bbox 844 3757 891 3824; x_wconf 78' lang='lat' dir='ltr'>sed</span> <span class='ocrx_word' id='word_1_302' title='bbox 902 3771 974 3805; x_wconf 92' lang='lat' dir='ltr'>nunc</span> <span class='ocrx_word' id='word_1_303' title='bbox 984 3756 1006 3805; x_wconf 81' lang='lat' dir='ltr'>ir</span> <span class='ocrx_word' id='word_1_304' title='bbox 1012 3771 1059 3820; x_wconf 92' lang='lat' dir='ltr'>per</span> <span class='ocrx_word' id='word_1_305' title='bbox 1070 3758 1139 3806; x_wconf 81' lang='lat' dir='ltr'>viam</span> <span class='ocrx_word' id='word_1_306' title='bbox 1150 3757 1252 3817; x_wconf 86' lang='lat' dir='ltr'>mortis,</span> <span class='ocrx_word' id='word_1_307' title='bbox 1264 3756 1374 3805; x_wconf 82' lang='lat' dir='ltr'>nonne?</span> 
     </span>
     <span class='ocr_line' id='line_1_42' title="bbox 351 3838 1368 3910; baseline 0.001 -23"><span class='ocrx_word' id='word_1_308' title='bbox 351 3839 422 3887; x_wconf 89' lang='lat' dir='ltr'>Num</span> <span class='ocrx_word' id='word_1_309' title='bbox 433 3839 555 3910; x_wconf 81' lang='lat' dir='ltr'>quisquis</span> <span class='ocrx_word' id='word_1_310' title='bbox 566 3854 599 3889; x_wconf 86' lang='lat' dir='ltr'>ex</span> <span class='ocrx_word' id='word_1_311' title='bbox 615 3843 700 3889; x_wconf 81' lang='lat' dir='ltr'>morte</span> <span class='ocrx_word' id='word_1_312' title='bbox 722 3839 799 3889; x_wconf 90' lang='lat' dir='ltr'>nobis</span> <span class='ocrx_word' id='word_1_313' title='bbox 821 3839 910 3889; x_wconf 70' lang='lat' dir='ltr'>redit?</span> <span class='ocrx_word' id='word_1_314' title='bbox 943 3839 995 3888; x_wconf 84' lang='lat' dir='ltr'>Sed</span> <span class='ocrx_word' id='word_1_315' title='bbox 1006 3839 1040 3888; x_wconf 86' lang='lat' dir='ltr'>sd</span> <span class='ocrx_word' id='word_1_316' title='bbox 1050 3838 1249 3889; x_wconf 87' lang='lat' dir='ltr'>eosincaelum</span> <span class='ocrx_word' id='word_1_317' title='bbox 1260 3839 1368 3898; x_wconf 84' lang='lat' dir='ltr'>ibimus,</span> 
     </span>
     <span class='ocr_line' id='line_1_43' title="bbox 350 3922 1373 3983; baseline 0.003 -14"><span class='ocrx_word' id='word_1_318' title='bbox 350 3924 462 3972; x_wconf 79' lang='lat' dir='ltr'>nonne?</span> <span class='ocrx_word' id='word_1_319' title='bbox 494 3923 565 3971; x_wconf 91' lang='lat' dir='ltr'>Num</span> <span class='ocrx_word' id='word_1_320' title='bbox 575 3922 701 3983; x_wconf 80' lang='lat' dir='ltr'>Catullus,</span> <span class='ocrx_word' id='word_1_321' title='bbox 715 3922 1078 3979; x_wconf 60' lang='lat' dir='ltr'>Harrunmnstmortemt</span> <span class='ocrx_word' id='word_1_322' title='bbox 1109 3922 1204 3972; x_wconf 87' lang='lat' dir='ltr'>Nonne</span> <span class='ocrx_word' id='word_1_323' title='bbox 1215 3922 1373 3972; x_wconf 79' lang='lat' dir='ltr'>maledixit?</span> 
     </span>
     <span class='ocr_line' id='line_1_44' title="bbox 351 4003 1372 4067; baseline 0.001 -14"><span class='ocrx_word' id='word_1_324' title='bbox 351 4004 447 4053; x_wconf 88' lang='lat' dir='ltr'>Nonne</span> <span class='ocrx_word' id='word_1_325' title='bbox 470 4003 552 4061; x_wconf 85' lang='lat' dir='ltr'>dixit:</span> <span class='ocrx_word' id='word_1_326' title='bbox 570 4004 722 4066; x_wconf 78' lang='lat' dir='ltr'>‘&#39;&#39;l&#39;u‚1nals</span> <span class='ocrx_word' id='word_1_327' title='bbox 744 4018 822 4065; x_wconf 88' lang='lat' dir='ltr'>mors,</span> <span class='ocrx_word' id='word_1_328' title='bbox 836 4004 927 4053; x_wconf 87' lang='lat' dir='ltr'>omnin</span> <span class='ocrx_word' id='word_1_329' title='bbox 937 4003 1006 4053; x_wconf 88' lang='lat' dir='ltr'>bella</span> <span class='ocrx_word' id='word_1_330' title='bbox 1017 4004 1127 4053; x_wconf 86' lang='lat' dir='ltr'>devoras</span> <span class='ocrx_word' id='word_1_331' title='bbox 1135 4005 1162 4067; x_wconf 62' lang='lat' dir='ltr'>l:</span> <span class='ocrx_word' id='word_1_332' title='bbox 1195 4004 1279 4054; x_wconf 80' lang='lat' dir='ltr'>Estne</span> <span class='ocrx_word' id='word_1_333' title='bbox 1300 4018 1372 4054; x_wconf 81' lang='lat' dir='ltr'>mors</span> 
     </span>
     <span class='ocr_line' id='line_1_45' title="bbox 350 4084 1374 4150; baseline 0.002 -17"><span class='ocrx_word' id='word_1_334' title='bbox 350 4099 456 4149; x_wconf 81' lang='lat' dir='ltr'>semper</span> <span class='ocrx_word' id='word_1_335' title='bbox 471 4086 548 4148; x_wconf 79' lang='lat' dir='ltr'>msls,</span> <span class='ocrx_word' id='word_1_336' title='bbox 567 4086 662 4136; x_wconf 81' lang='lat' dir='ltr'>Floret</span> <span class='ocrx_word' id='word_1_337' title='bbox 695 4087 790 4137; x_wconf 86' lang='lat' dir='ltr'>Nonne</span> <span class='ocrx_word' id='word_1_338' title='bbox 806 4088 888 4148; x_wconf 82' lang='lat' dir='ltr'>janua</span> <span class='ocrx_word' id='word_1_339' title='bbox 904 4091 945 4135; x_wconf 84' lang='lat' dir='ltr'>est</span> <span class='ocrx_word' id='word_1_340' title='bbox 959 4101 1006 4150; x_wconf 87' lang='lat' dir='ltr'>per</span> <span class='ocrx_word' id='word_1_341' title='bbox 1023 4099 1103 4149; x_wconf 81' lang='lat' dir='ltr'>quum</span> <span class='ocrx_word' id='word_1_342' title='bbox 1120 4084 1148 4135; x_wconf 90' lang='lat' dir='ltr'>in</span> <span class='ocrx_word' id='word_1_343' title='bbox 1164 4086 1259 4136; x_wconf 74' lang='lat' dir='ltr'>calum</span> <span class='ocrx_word' id='word_1_344' title='bbox 1279 4086 1374 4137; x_wconf 88' lang='lat' dir='ltr'>introi·</span> 
     </span>
     <span class='ocr_line' id='line_1_46' title="bbox 351 4168 1376 4245; baseline 0.001 -28"><span class='ocrx_word' id='word_1_345' title='bbox 351 4171 429 4245; x_wconf 82' lang='lat' dir='ltr'>must</span> <span class='ocrx_word' id='word_1_346' title='bbox 461 4170 605 4235; x_wconf 85' lang='lat' dir='ltr'>Sepelisne,</span> <span class='ocrx_word' id='word_1_347' title='bbox 620 4169 867 4225; x_wconf 77' lang='lat' dir='ltr'>Elisalstto.avesl</span> <span class='ocrx_word' id='word_1_348' title='bbox 911 4168 1030 4219; x_wconf 79' lang='lat' dir='ltr'>Puellam</span> <span class='ocrx_word' id='word_1_349' title='bbox 1042 4170 1104 4219; x_wconf 80' lang='lat' dir='ltr'>nori</span> <span class='ocrx_word' id='word_1_350' title='bbox 1123 4172 1232 4219; x_wconf 88' lang='lat' dir='ltr'>nomine</span> <span class='ocrx_word' id='word_1_351' title='bbox 1254 4169 1376 4219; x_wconf 60' lang='lat' dir='ltr'>Hebrum</span> 
     </span>
    </p>
   </div>
   <div class='ocr_carea' id='block_1_6' title="bbox 269 4258 1375 4422">
    <p class='ocr_par' dir='ltr' id='par_1_17' title="bbox 269 4258 1375 4422">
     <span class='ocr_line' id='line_1_47' title="bbox 349 4258 1375 4323; baseline 0.002 -18"><span class='ocrx_word' id='word_1_352' title='bbox 349 4271 418 4321; x_wconf 81' lang='lat' dir='ltr'>quae</span> <span class='ocrx_word' id='word_1_353' title='bbox 446 4272 507 4307; x_wconf 83' lang='lat' dir='ltr'>aves</span> <span class='ocrx_word' id='word_1_354' title='bbox 529 4262 647 4307; x_wconf 80' lang='lat' dir='ltr'>mortuas</span> <span class='ocrx_word' id='word_1_355' title='bbox 668 4258 763 4320; x_wconf 84' lang='lat' dir='ltr'>sepelit</span> <span class='ocrx_word' id='word_1_356' title='bbox 785 4262 812 4307; x_wconf 89' lang='lat' dir='ltr'>et</span> <span class='ocrx_word' id='word_1_357' title='bbox 829 4262 1032 4308; x_wconf 85' lang='lat' dir='ltr'>monumentum</span> <span class='ocrx_word' id='word_1_358' title='bbox 1054 4258 1126 4308; x_wconf 83' lang='lat' dir='ltr'>tacit.</span> <span class='ocrx_word' id='word_1_359' title='bbox 1170 4258 1289 4323; x_wconf 76' lang='lat' dir='ltr'>Georgia,</span> <span class='ocrx_word' id='word_1_360' title='bbox 1309 4258 1375 4323; x_wconf 88' lang='lat' dir='ltr'>quid</span> 
     </span>
     <span class='ocr_line' id='line_1_48' title="bbox 269 4340 732 4422; baseline 0 -33"><span class='ocrx_word' id='word_1_361' title='bbox 269 4414 272 4422; x_wconf 22' lang='grc' dir='ltr'>ἱ</span> <span class='ocrx_word' id='word_1_362' title='bbox 350 4340 417 4390; x_wconf 86' lang='lat' dir='ltr'>dicit</span> <span class='ocrx_word' id='word_1_363' title='bbox 428 4342 507 4390; x_wconf 82' lang='lat' dir='ltr'>lesus</span> <span class='ocrx_word' id='word_1_364' title='bbox 517 4342 550 4391; x_wconf 87' lang='lat' dir='ltr'>de</span> <span class='ocrx_word' id='word_1_365' title='bbox 562 4340 732 4405; x_wconf 78' lang='lat' dir='ltr'>passeribus?</span> 
     </span>
    </p>
   </div>
   <div class='ocr_carea' id='block_1_7' title="bbox 420 4467 1229 4535">
    <p class='ocr_par' dir='ltr' id='par_1_18' title="bbox 420 4467 1229 4535">
     <span class='ocr_line' id='line_1_49' title="bbox 420 4467 1229 4535; baseline -0.001 -18"><span class='ocrx_word' id='word_1_366' title='bbox 420 4468 513 4517; x_wconf 66' lang='lat' dir='ltr'>“l&#39;rus</span> <span class='ocrx_word' id='word_1_367' title='bbox 525 4485 553 4517; x_wconf 76' lang='lat' dir='ltr'>ez</span> <span class='ocrx_word' id='word_1_368' title='bbox 567 4467 620 4517; x_wconf 82' lang='lat' dir='ltr'>illis</span> <span class='ocrx_word' id='word_1_369' title='bbox 633 4484 682 4516; x_wconf 77' lang='lat' dir='ltr'>non</span> <span class='ocrx_word' id='word_1_370' title='bbox 695 4468 764 4516; x_wconf 75' lang='lat' dir='ltr'>cadet</span> <span class='ocrx_word' id='word_1_371' title='bbox 777 4478 953 4533; x_wconf 78' lang='lat' dir='ltr'>superterram</span> <span class='ocrx_word' id='word_1_372' title='bbox 972 4468 1026 4517; x_wconf 78' lang='lat' dir='ltr'>stre</span> <span class='ocrx_word' id='word_1_373' title='bbox 1038 4476 1110 4535; x_wconf 75' lang='lat' dir='ltr'>petre</span> <span class='ocrx_word' id='word_1_374' title='bbox 1123 4470 1229 4517; x_wconf 52' lang='grc' dir='ltr'>κείω·</span> 
     </span>
    </p>
   </div>
   <div class='ocr_carea' id='block_1_8' title="bbox 0 0 1672 4900">
    <p class='ocr_par' dir='ltr' id='par_1_19' title="bbox 0 0 1672 4900">
     <span class='ocr_line' id='line_1_50' title="bbox 0 0 1672 4900; baseline 0 1"><span class='ocrx_word' id='word_1_375' title='bbox 0 0 1672 4900; x_wconf 95' lang='lat' dir='ltr'> </span> 
     </span>
    </p>
   </div>
  </div>
 </body>
</html>
