3334 4900
322 385 345 436 6
708 382 952 435 LATINE.

319 611 403 660 timue
438 610 522 659 totius
549 610 660 671 Galliae,
687 609 836 674 occupavit,
864 614 893 658 et
919 624 992 658 nunc
1019 596 1052 657 de
1079 607 1161 656 attera
1191 608 1266 669 parte
1294 609 1347 662 ter·

255 722 257 726 -
320 695 358 742 tia
386 693 525 756 Sequanos
551 692 679 742 decedere
703 692 788 756 jubet,
815 696 955 756 propterea
990 691 1062 753 quod
1090 687 1182 752 paucia
1210 687 1347 736 menaibuu

319 780 382 824 onte
411 775 548 824 Harudum
566 768 651 824 ¹milia
689 773 825 823 hominum
854 772 950 836 viginti
980 775 1106 836 quattuor
1139 769 1172 819 ad
1205 784 1264 818 eum
1303 785 1346 818 ve·

320 861 426 918 nerunt,
439 856 538 920 quibus
548 856 614 906 locia
625 871 666 921 ac,
677 857 754 904 aedes
776 857 910 918 parentur.

388 1015 453 1066 Diee
464 1015 578 1064 concilio
589 1016 672 1063 totius
684 1013 785 1063 Galliae
799 1012 945 1062 constituta
956 1016 1004 1074 eat,
1019 1013 1119 1061 nonne?

388 1100 428 1149 Eo
439 1099 552 1148 concilio
564 1090 685 1158 dimisso,
699 1096 746 1160 qui
758 1099 924 1144 reverterunt
935 1095 969 1144 ad
981 1096 1131 1145 anaurem?

387 1181 458 1240 Quid
469 1179 617 1245 petierunt?

389 1266 491 1324 Quibus
501 1265 592 1316 verbio
602 1267 644 1314 uri
661 1265 737 1316 aunt?
775 1288 780 1303 ·

391 1350 531 1409 Quomodo
544 1349 649 1400 caesari
661 1347 695 1396 ad
706 1347 786 1411 pedes
798 1349 979 1412 projecerunt?

389 1436 484 1485 Nonne
496 1435 662 1484 contendunt
673 1438 700 1482 et
711 1433 832 1483 laborent
842 1449 877 1482 ue
888 1448 996 1498 eaquae
1007 1433 1123 1483 dixerint
1134 1433 1324 1482 enuntienturi

389 1517 595 1568 Contenduntue
606 1531 712 1581 quoque
724 1520 755 1565 ut
766 1531 797 1566 ea
808 1531 875 1580 quae
888 1516 971 1566 velint
982 1516 1133 1581 impetranti

389 1600 447 1658 Qua
458 1601 491 1650 de
502 1601 600 1650 musa?

388 1682 521 1732 videntne
531 1684 554 1731 ai
566 1696 596 1731 en
607 1696 674 1745 quae
685 1681 802 1731 dixerint
811 1682 948 1730 enuntiata
958 1681 1013 1730 aiut
1023 1696 1155 1731 nummum
1165 1681 1194 1730 in
1200 1681 1346 1730 cruciatum

454 1763 512 1797 reae
523 1749 673 1797 venturos?

392 1835 459 1894 Quis
470 1849 518 1899 pro
531 1834 574 1884 hia
583 1834 690 1883 locutus
703 1835 761 1882 esti

390 1918 459 1976 Quot
469 1917 599 1967 rectiones
611 1919 674 1966 eunt
685 1915 769 1964 totius
781 1915 894 1965 Galliae?

388 2000 483 2050 Nonne
494 1998 643 2049 Diuitiaene
654 1997 721 2047 dicit
731 2000 812 2048 totius
824 1998 925 2047 Galliae
937 1998 1067 2048 factiones
1078 2012 1135 2048 em
1147 1999 1224 2048 dum?

390 2084 487 2133 Nonne
497 2081 581 2131 totius
592 2079 837 2130 Galliae'iaotionee
847 2085 911 2129 aunt
922 2080 1003 2130 duae?

389 2165 442 2225 Qui
453 2167 547 2214 harum
558 2164 667 2213 alterius
678 2163 857 2228 principatum
869 2165 973 2213 tenent?
1007 2162 1060 2222 Qui
1077 2163 1199 2214 alterius?

392 2248 488 2299 Nonne
498 2246 527 2295 hi
538 2247 609 2296 inter
619 2261 648 2295 ae
660 2245 870 2295 contendebant?

393 2333 490 2382 Nonne
501 2329 629 2380 Germani
640 2328 853 2379 arcessebantur?

391 2414 486 2465 Nonne
497 2413 599 2527 iactum
610 2415 650 2462 eat
661 2410 702 2461 uti
714 2415 747 2461 ab
759 2413 885 2464 Arvernia
897 2413 1078 2478 Sequanisque
1094 2412 1220 2463 Germani
1231 2427 1349 2465 meame-

457 2493 503 2527 ren
517 2494 549 2527 ur

393 2563 462 2612 Cum
474 2560 570 2610 multoe
581 2574 665 2609 annor
676 2559 881 2621 contendebant,
895 2561 960 2623 quid
972 2562 1072 2609 factum
1085 2563 1137 2611 eet?

394 2646 489 2696 Nonne
500 2642 530 2691 hi
542 2657 603 2691 oum
614 2646 752 2710 tantopere
765 2643 797 2690 de
809 2647 950 2706 potentatu
960 2643 1030 2692 inter
1042 2658 1070 2693 ae
1083 2643 1181 2692 multoe
1192 2652 1276 2692 armoe
1287 2658 1349 2692 oon-

453 2709 706 2824 fflssffitim
718 2713 758 2759 eat
771 2708 809 2756 uti
821 2709 856 2757 ab
867 2709 993 2759 Arvernia
1015 2709 1193 2773 Seqmnisqee
1216 2709 1343 2759 Germxni

392 2860 487 2910 Nonne
499 2856 647 2906 Diuitiaene
659 2856 727 2905 dixit
738 2856 766 2905 hi
778 2872 840 2905 cum
853 2860 990 2921 tantopere
1011 2857 1046 2906 de
1067 2861 1206 2921 potentatu
1228 2857 1298 2908 inter
1321 2874 1349 2907 ae

456 2922 648 2973 contenderent
660 2923 761 2970 factum
773 2937 830 2971 esee
843 2922 882 2969 uti
893 2922 926 2971 ab
938 2924 1063 2972 Arvernia
1085 2922 1154 2986 Seqn
1177 2925 1271 2987 nisque
1283 2923 1347 2973 Ger-

458 2988 530 3037 muni
542 2988 663 3036 mercede
675 2990 883 3036 arcesserentur?

391 3071 462 3129 Quot
474 3070 548 3118 milia
558 3070 752 3118 Germanorum
764 3071 849 3131 primo
861 3070 984 3118 Rhenum
996 3069 1169 3119 transierunt!

392 3156 496 3204 Suntne
507 3152 623 3202 traducti
635 3152 744 3215 plures?

392 3235 504 3295 Quando
516 3234 631 3284 traducti
644 3238 707 3284 eunt
718 3236 819 3298 plures?

394 3321 490 3371 Nonne
502 3332 580 3381 egros
591 3321 619 3365 et
629 3317 731 3366 cultum
740 3322 767 3366 et
778 3309 873 3382 eopiae'
881 3317 1018 3368 Gallorum
1029 3317 1154 3369 hominea
1164 3320 1215 3369 ieri
1238 3334 1268 3369 uc
1292 3318 1351 3368 bar-

459 3384 517 3433 bari
534 3381 704 3432 adamabant?

392 3468 488 3517 Nonne
501 3468 671 3529 posteaquam
684 3478 762 3526 agros
774 3467 801 3512 et
812 3463 914 3513 cultum
926 3467 953 3513 et
971 3465 1061 3527 copiae
1080 3465 1217 3516 Gallorum
1229 3466 1353 3523 hominen

395 3547 401 3555 ·
459 3530 511 3580 feri
523 3545 553 3579 ao
564 3528 670 3578 barbari
679 3528 833 3578 ademerunt
844 3530 959 3582 traducti
977 3535 1041 3579 sunt
1051 3531 1158 3594 plures?

393 3616 490 3670 Nonne
502 3612 650 3677 Diuitiaene
661 3611 729 3660 dixit
748 3616 919 3675 posteaquem
943 3628 1020 3675 agroa
1043 3617 1070 3661 et
1091 3614 1192 3664 cultum
1214 3618 1242 3664 et
1264 3616 1354 3678 copiae

459 3679 596 3808 {alligatum
608 3676 730 3727 homines
741 3676 792 3725 feri
803 3692 834 3726 ac
847 3676 951 3727 barbari
962 3678 1128 3729 adamassent
1149 3679 1284 3729 traduotoe
1295 3695 1353 3729 eaae

393 3832 463 3892 Quot
473 3830 546 3881 milia
558 3829 759 3890 Germanorum,
773 3828 907 3878 Divitiaoo
919 3830 1048 3894 loquenti,
1061 3834 1124 3879 eunt
1134 3846 1205 3881 nuno
1216 3833 1245 3881 in
1257 3832 1354 3882 Galliai

461 3897 514 3956 Qui
526 3910 654 3945 numerus
665 3897 862 3944 Germanorum
874 3899 915 3945 eat
926 3910 997 3945 nuno
1008 3896 1037 3944 in
1048 3897 1153 3947 Galliai

395 3988 481 4045 Quem
493 3982 526 4033 ad
538 3997 679 4031 numerum
691 3996 736 4032 eos
747 3996 806 4031 oeae
818 3982 885 4031 dicit
895 3982 1062 4033 Divitiacua?

393 4070 487 4120 Nonne
499 4080 560 4115 oum
573 4065 714 4115 Germanis
725 4064 921 4113 contenderunt
944 4066 1029 4115 Aedui
1041 4080 1185 4129 eorumque
1197 4057 1325 4116 clientes?

395 4154 490 4203 Nonne
508 4147 656 4197 Divitiaous
679 4147 745 4196 dicit
768 4162 828 4195 cum
851 4146 894 4195 hia
917 4147 1058 4202 Germania
1081 4148 1186 4198 Aeduos
1210 4164 1355 4212 eorumque

423 4243 425 4253 ·
460 4216 570 4265 clientes
581 4214 660 4263 eemel
671 4218 751 4275 atque
762 4214 859 4262 iterum
871 4213 1138 4263 armiroontendissei

395 4303 492 4352 Nonne
505 4297 591 4347 Aedui
603 4311 747 4359 eorumque
758 4297 870 4345 clientes
881 4297 951 4360 pulei
961 4298 1036 4346 eunti

397 4386 493 4434 Nonne
504 4380 576 4442 pulei
589 4394 710 4443 magnam
723 4380 897 4429 calamitatem
909 4381 1079 4443 acceperunt?

397 4474 470 4531 Quos
481 4468 642 4519 amiserunt?
