3334 4900
748 389 992 438 LATINE.

352 590 464 630 Vll-IN
483 593 515 631 VI
520 593 539 630 T
537 593 590 632 ΛΜ
602 593 687 633 ΗΘΚΛ
697 592 728 632 T!
741 593 802 643 (wa
810 594 849 633 135
853 594 895 633 Π
894 625 899 635 .

414 676 473 732 Qun
485 692 554 727 anno
566 679 693 728 Horatius
704 683 782 728 natus
799 683 850 729 eett

417 760 565 874 constetnet
575 763 639 810 eada
650 767 716 876 qupt
727 764 804 812 annis
815 777 877 812 enm
889 767 950 811 ante
967 763 1177 824 conjurationem
1197 761 1379 810 Catilinariuru

518 841 553 874 na
565 842 611 875 um
628 842 686 876 esee

420 907 514 956 Nonne
527 913 628 972 patrem
642 908 737 958 habuit
748 909 916 958 libertinum?

418 990 514 1040 Nonne
525 993 613 1054 tradit,
628 993 716 1057 ipsum
729 993 855 1043 libertino
867 999 940 1058 petre
953 995 1056 1042 natum?

418 1073 511 1124 Scione
522 1089 577 1139 quo
589 1080 663 1139 pater
674 1091 735 1126 eum
752 1091 865 1141 puerum
876 1077 1025 1127 deduxerit?

418 1160 514 1210 Nonne
527 1162 654 1212 traditum
667 1167 707 1212 est
718 1168 821 1228 patrem
831 1166 944 1213 Romam
955 1179 1016 1212 eum
1026 1177 1137 1228 puemm
1148 1161 1300 1211 deduxisset

421 1243 515 1294 Nonne
528 1246 641 1296 Romam
653 1249 685 1297 ed
699 1249 873 1297 excolendum
888 1247 1026 1310 ingenium
1043 1246 1171 1296 deductus
1181 1247 1234 1296 eet?

419 1325 478 1383 Quo
491 1329 576 1378 Roma
586 1345 615 1379 ee
627 1331 751 1380 eontulit?
784 1332 886 1394 Rogem
899 1346 980 1394 quare
992 1330 1109 1380 Athenae
1119 1344 1148 1378 ee
1159 1328 1315 1381 eontulerit?

422 1408 516 1458 Nonne
528 1411 645 1460 Athenas
657 1413 840 1477 philosophiae
852 1412 992 1462 dieoendae
1002 1426 1081 1462 eausa
1092 1426 1120 1460 ee
1131 1409 1257 1460 eontulit?

421 1491 495 1550 Quot
506 1507 590 1544 annoe
602 1495 713 1545 Athenis
724 1495 875 1545 studiorum
888 1510 967 1545 oauea
977 1495 1045 1558 egitl

423 1575 518 1625 Nonne
530 1581 604 1648 peter
615 1578 701 1627 noluit
712 1583 743 1628 nt
754 1594 820 1642 puer
831 1594 944 1643 nequam
955 1593 971 1627 a
982 1579 1064 1627 latere
1074 1592 1122 1626 euo
1134 1577 1291 1626 discederet?

424 1657 870 1774 NonneHBntatuarMaoedoniam
898 1666 999 1726 petens,
1029 1675 1119 1710 eeoum
1148 1658 1260 1708 Athenio
1287 1658 1380 1708 eduxit

549 1740 662 1775 orarum

425 1805 549 1855 “Relicta
559 1822 614 1856 non
625 1809 694 1858 bene
705 1807 876 1871 parmula,”a
887 1808 988 1872 proelio
1000 1809 1112 1858 Romam
1124 1808 1210 1868 rediit,
1227 1808 1329 1856 nonnel

424 1872 584 1929 Quaererem
596 1874 658 1938 quie
669 1875 770 1923 amicus
786 1877 866 1924 eeeetl

425 1936 520 1986 Nonne
532 1939 712 1990 Maecenatem
724 1941 772 1988 “et
783 1941 933 2003 praesidum
944 1944 971 1989 et
981 1939 1057 1988 duloe
1069 1938 1164 1988 deoua”
1177 1938 1352 2001 nuncupavit?

425 2001 485 2060 Quo
497 2005 590 2054 aetatis
601 2021 671 2054 anno
683 2010 804 2054 mortuus
813 2008 864 2055 esti

426 2065 520 2117 Nonne
550 2068 651 2120 Horatii
685 2086 757 2119 more
784 2073 903 2120 insecuta
930 2074 969 2120 eat
1004 2073 1066 2135 poet
1092 2083 1189 2132 paucos
1215 2068 1273 2117 dien
1301 2080 1381 2129 quam

452 2169 453 2174 ,
526 2135 698 2184 Maecenatis?

425 2197 498 2255 Quid
509 2201 542 2249 de
553 2199 656 2264 ingenii
666 2201 880 2266 eoriptorumque
892 2201 1023 2265 elegantia
1034 2200 1147 2249 dicatur?
1237 2225 1240 2230 ·

428 2264 564 2327 legistine
576 2269 635 2330 ejus
644 2270 735 2330 operat

427 2329 522 2380 Nonne
532 2346 613 2395 opera
624 2334 683 2397 ejus
694 2333 727 2382 de
741 2333 817 2382 bellis
828 2331 953 2381 civilibus
964 2333 1086 2396 pleraque
1104 2333 1177 2380 euutt
1309 2329 1347 2378 W.

365 2469 658 2512 l'lll-TENNYSONIS
669 2471 797 2512 “DOML'S
812 2472 915 2512 DESER
922 2468 985 2510 w

396 2554 457 2603 Vita
468 2570 596 2619 mensque
609 2558 746 2607 evolarunt
905 2555 1388 2618 Linquedomum-posthacnamest

394 2621 430 2669 Se
448 2622 577 2682 foventem
908 2620 1004 2670 Tristia
1018 2621 1099 2669 looue.

395 2686 477 2736 Fores
488 2702 517 2736 ao
529 2689 659 2738 fenestrae
676 2688 801 2752 linquunt
908 2688 988 2736 Rieue
998 2686 1070 2748 fugit
1080 2685 1142 2735 hino
1153 2684 1341 2749 proinde,—

397 2751 453 2800 En!
473 2757 602 2815 petentes.
909 2752 992 2801 Abest
1008 2751 1093 2814 jonna.

399 2817 476 2865 lutus
488 2822 529 2865 est
540 2833 594 2867 nox
605 2818 755 2879 tenebrosa,
909 2830 1208 2892 Veni,n0nhieniurie
1218 2845 1300 2881 sonus

397 2882 453 2931 Nec
469 2882 584 2932 scintille
911 2900 1047 2949 Audietur.

397 2948 478 2997 Lucia
489 2962 537 3011 per
547 2950 677 2999 fenestrae
688 2950 768 3011 lueet,
911 2967 1007 3015 'rma
1018 2966 1113 3014 domna
1124 2962 1180 3012 luto
1191 2964 1263 3012 facta

399 3016 485 3075 Atque
496 3014 542 3062 111⁸
911 3031 989 3080 Nunc
1000 3028 1132 3078 reddetur.

397 3079 485 3128 denua
496 3085 572 3129 antea
584 3085 637 3129 tam
654 3087 748 3145 arguta
912 3097 1015 3159 Linque
1025 3093 1247 3155 domum-Vita,
1257 3094 1388 3157 Morsque

399 3146 607 3210 (Cardoaeque)
913 3161 1050 3221 Abierant,

911 3228 948 3275 Et
958 3227 986 3275 in
998 3224 1063 3274 urbe
1074 3224 1134 3285 alta,
1147 3238 1220 3273 eaora

397 3280 473 3329 Silet.
504 3281 586 3330 Fores
597 3281 697 3341 claude,
721 3281 812 3330 claude
914 3293 990 3342 Nunc
1003 3294 1123 3339 emerunt

400 3346 505 3405 Valvas,
518 3360 604 3409 nequo
697 3380 701 3388 ·
914 3359 1030 3406 Domum
1040 3355 1092 3405 eibi
1111 3368 1178 3419 quae
1195 3353 1358 3416 manebit,-

400 3412 452 3460 Per
463 3413 593 3461 fenestrae
604 3410 741 3461 videamus
915 3423 1105 3472 Discesserunt.

399 3478 486 3537 Quam
503 3478 653 3541 neglectum
916 3488 957 3537 ιι
968 3488 991 3536 si
1003 3486 1047 3536 uc
1060 3484 1198 3536 nobiseum
1209 3485 1310 3534 noenu

402 3548 504 3603 Atrum,
518 3544 621 3592 nudum
634 3548 661 3592 et
673 3543 751 3591 inane
915 3554 968 3603 Sed
979 3556 1112 3617 fugerunt,

401 3611 521 3660 Steahoo
532 3614 641 3659 tectum.
1132 3616 1241 3666 -Νιμι
1258 3616 1366 3655 Inutiles.

372 3752 480 3793 l.l'—DE
495 3750 563 3789 Mor
570 3750 608 3789 TE
627 3747 795 3789 CICERONIS
815 3744 940 3794 [l'cllriusl.

437 3836 559 3901 Rapuieti
575 3840 604 3884 tu
617 3834 657 3883 M.
675 3831 796 3883 Ciceroni
809 3832 892 3880 lucem
905 3829 1040 3889 solicitam,
1054 3830 1163 3877 aetatem
1183 3826 1300 3886 senilem,
1315 3830 1342 3873 et
1355 3824 1394 3873 ri·

372 3928 422 3973 tam
436 3921 603 3978 miseriorem,
617 3924 643 3967 te
655 3916 784 3982 principe,
799 3930 876 3979 quam
887 3912 938 3964 sub
954 3918 989 3974 te,
1004 3911 1148 3971 triumviro,
1162 3913 1278 3968 mortem3
1298 3909 1394 3957 famam

374 4027 435 4059 vero
448 4008 610 4072 gloriamque
621 4006 751 4054 factorum
763 4007 844 4067 atque
856 4002 985 4051 diotornm
998 3998 1063 4047 adeo
1081 4012 1136 4046 non
1148 3994 1279 4045 abetulieti
1291 3999 1321 4044 ut
1332 4010 1397 4044 aur-

373 4094 433 4144 erie.
470 4089 543 4139 vivit
555 4089 680 4152 vivetque
691 4101 739 4150 per
751 4099 853 4135 omnem
866 4083 1027 4133 saeculorum
1037 4080 1191 4139 memoriam,
1205 4079 1321 4141 dumque
1333 4077 1392 4137 hoo,

374 4177 416 4225 vel
434 4178 502 4223 forte
520 4171 562 4221 vel
579 4168 754 4235 providentia,
769 4169 811 4217 vel
835 4171 971 4229 uteunque
988 4162 1159 4213 eonstitutun
1181 4173 1266 4209 rerum
1286 4164 1396 4209 naturae

372 4276 470 4326 corpus
481 4258 552 4323 quod
564 4258 608 4306 ille
622 4271 688 4320 pene
696 4255 769 4304 eolus
776 4257 953 4304 Romanorum
961 4249 1133 4311 animo‚vidit,
1146 4248 1255 4312 ingenio
1265 4248 1396 4311 eomplet-

374 4362 406 4395 ιιι
427 4348 474 4403 eet,
494 4341 643 4404 eloquentia
666 4337 824 4387 illuminavit
842 4334 960 4384 manebit
981 4331 1118 4391 ineolume,
1137 4332 1256 4380 comitem
1274 4332 1332 4379 aevi
1354 4331 1396 4379 aui

372 4428 475 4479 laudem
488 4422 624 4475 Cioeronie
647 4422 740 4479 trahet,
754 4420 893 4483 omnisque
909 4418 1048 4483 posteritaa
1060 4414 1130 4465 illiue
1142 4413 1170 4463 iu
1184 4421 1209 4462 te
1221 4412 1320 4477 scripta
1332 4414 1397 4461 mir-

373 4511 471 4568 abitur,
485 4514 559 4557 tuum
570 4508 598 4554 in
611 4519 669 4553 eum
681 4506 779 4553 fectum
792 4501 977 4551 exsecrabitur.
1350 4496 1364 4527 ⁸
